% This file was created with Citavi 4.4.0.28

@book{.2005,
 year = {2005},
 title = {Handbook of economic growth},
 address = {Amsterdam [u.a.]},
 publisher = {Elsevier},
 isbn = {978-0-444-52043-2}
}


@article{Cohen.1989,
 author = {Cohen, Wesley M. and Levinthal, Daniel A.},
 year = {1989},
 title = {Innovation and learning: The two faces of R{\&}D},
 keywords = {Forschung;Industrieforschung;Theorie;luenpub},
 number = {397, S. 569-596},
 journal = {The economic journal : the journal of the Royal Economic Society}
}


@article{Eaton.2001,
 author = {Eaton, Jonathan and Kortum, Samuel},
 year = {2001},
 title = {Technology, trade, and growth: A unified framework},
 keywords = {Exportinduziertes Wachstum;Innovationsdiffusion;Industrieforschung;Technologietransfer;Theorie;Europ{\"a}ische Integration;Europ{\"a}ische Wirtschaft;Europ{\"a}ische W{\"a}hrungsunion;EU-Staaten},
 pages = {742--755},
 volume = {45},
 number = {4/6},
 journal = {European economic review : EER}
}


@article{Evans.1996,
 author = {Evans, Paul D.},
 year = {1996},
 title = {Using cross-country variances to evaluate growth theories},
 keywords = {Wachstumstheorie;Endogenes Wachstumsmodell;Theorie;Sch{\"a}tzung;Welt},
 journal = {Journal of economic dynamics {\&} control}
}


@article{Evenson.1995,
 author = {Evenson, Robert Edward and Westphal, Larry E.},
 year = {1995},
 title = {Technological change and technology strategy},
 keywords = {Technischer Fortschritt;Technologiepolitik;Wachstumstheorie;Theorie;Entwicklungsl{\"a}nder},
 pages = {2209--2299},
 volume = {3A (1995)},
 journal = {{{}}}
}


@article{Glomm.1992,
 author = {Glomm, Gerhard and Ravikumar, B.},
 year = {1992},
 title = {Public versus private investment in human capital: Endogenous growth and income inequality},
 keywords = {Humankapital;Bildungsinvestition;Bildungs{\"o}konomik;Endogenes Wachstumsmodell;Verteilungstheorie;Overlapping Generations;Theorie},
 journal = {The journal of political economy}
}


@article{Ha.,
 author = {Ha, J.},
 title = {From Factor Accumulation to Innovation: Sustained Economic Growth with Changing Components},
 journal = {Brown University}
}


@article{Hansen.2002,
 author = {Hansen, Gary D. and Prescott, Edward C.},
 year = {2002},
 title = {Malthus to Solow},
 keywords = {Wachstumstheorie;Bev{\"o}lkerungsentwicklung;Wirtschaftsstufentheorie;Technischer Fortschritt;Overlapping Generations;Theorie;Wirtschaftswachstum;USA;Gro{\ss}britannien;Wirtschaft : Allgemeines},
 pages = {1205--1217},
 volume = {92},
 number = {4},
 journal = {The American economic review}
}


@article{Howitt.2005,
 author = {Howitt, Peter and Mayer-Foulkes, David},
 year = {2005},
 title = {R{\&}D, implementation, and stagnation: A Schumpeterian theory of convergence clubs},
 keywords = {Wirtschaftliche Konvergenz;Wachstumstheorie;Industrieforschung;Schumpeterismus},
 pages = {147--177},
 volume = {37},
 number = {1},
 journal = {Journal of money, credit and banking : JMCB}
}


@article{Krueger.2001,
 author = {Krueger, Alan B. and Lindahl, Mikael},
 year = {2001},
 title = {Education for growth: Why and for whom?},
 keywords = {Bildungsertrag;Wirtschaftswachstum;Theorie;luenpub;Wirtschaft : Allgemeines},
 pages = {1101--1136},
 volume = {39},
 number = {4},
 journal = {Journal of economic literature}
}


@book{Maddison.2001,
 author = {Maddison, Angus},
 year = {2001},
 title = {The world economy: A millennial perspective},
 keywords = {Statistik},
 address = {Paris},
 publisher = {OECD},
 isbn = {9264186549},
 series = {Development Centre studies},
 institution = {OECD}
}


@article{Mankiw.1992,
 author = {Mankiw, N. Gregory and Romer, David H. and Weil, David Nathan},
 year = {1992},
 title = {A contribution to the empirics of economic growth},
 keywords = {Endogenes Wachstumsmodell;Humankapital;Neoklassisches Wachstumsmodell;Lebensstandard;Theorie},
 number = {429, S. 407-437},
 journal = {The quarterly journal of economics}
}


@incollection{MayerFoulkes.2006,
 author = {Mayer-Foulkes, David},
 title = {Global divergence},
 keywords = {Wirtschaftliche Konvergenz;Wirtschaftswachstum;Sch{\"a}tzung;Welt},
 pages = {29--59},
 publisher = {Nova Science Publ},
 isbn = {978-1-60021-103-4},
 booktitle = {International finance and monetary policy},
 year = {2006},
 address = {New York, NY}
}


@article{Pritchett.1997,
 author = {Pritchett, Lant Hayward},
 year = {1997},
 title = {Divergence, big time},
 keywords = {Wirtschaftswachstum;Wirtschaftliche Konvergenz;Welt;Wirtschaft : Allgemeines},
 journal = {The journal of economic perspectives : EP ; a journal of the American Economic Association}
}


@article{Rebelo.1991,
 author = {Rebelo, S{\'e}rgio T.},
 year = {1991},
 title = {Long-run policy analysis and long-run growth},
 keywords = {Wachstumstheorie;Wachstumspolitik;Theorie},
 journal = {The journal of political economy}
}


@book{Ricardo.1817,
 author = {Ricardo, David},
 year = {1817},
 title = {On the Principles of political economy and taxation},
 address = {London},
 publisher = {Murray}
}


@book{Sachs.1995,
 author = {Sachs, Jeffrey D. and Warner, Andrew Mark},
 year = {1995},
 title = {Economic reform and the process of global integration},
 keywords = {59},
 address = {Cambridge, MA},
 volume = {1733},
 series = {Discussion paper series / Harvard Institute of Economic Research, Harvard University}
}


@book{SalaiMartin.2002,
 author = {Sala-i-Martin, Xavier},
 year = {2002},
 title = {The world distribution of income (estimated from individual country distributions)},
 keywords = {Einkommensverteilung;International;Armut;Sch{\"a}tzung;Welt},
 address = {Cambridge, Mass.},
 volume = {8933},
 publisher = {National Bureau of Economic Research},
 series = {NBER working paper series}
}


@article{Solow.1956,
 author = {Solow, Robert M.},
 year = {1956},
 title = {A contribution to the theory of economic growth},
 pages = {65--94},
 volume = {70},
 number = {1},
 journal = {The quarterly journal of economics}
}


@article{Solow.1957,
 author = {Solow, Robert M.},
 year = {1957},
 title = {Technical change and the aggregate production function},
 pages = {312--320},
 volume = {39},
 number = {3},
 journal = {The review of economics and statistics}
}


@book{Torrens.1815,
 author = {Torrens, Robert},
 year = {1815},
 title = {An essay on the external corn trade ; containing an inquiry into the general principles of that important branch of traffic ; an examination to which these principles are liable, and a comparative statement of the effects which restrictions on importation and free intercourse, are calculated to produce upon subsistence, agriculture, commerce, and revenue},
 keywords = {Getreidehandel;Protektionismus;Grundrente;Theorie;Gro{\ss}britannien;Geschichte 1815;Quelle},
 address = {London},
 publisher = {Hatchard}
}


@article{Trefler.2004,
 author = {Trefler, Daniel},
 year = {2004},
 title = {The long and short of the Canada-US Free Trade Agreement},
 keywords = {Freihandelszone;Handelsabkommen;NAFTA-Staaten;USA;Kanada;Wirtschaft : Allgemeines},
 pages = {870--895},
 volume = {94},
 number = {4},
 journal = {The American economic review}
}


@article{Coe.1995,
 author = {Coe, David T. and Helpman, Elhanan},
 year = {1995},
 title = {International R{\&}D spillovers},
 keywords = {Industrieforschung;Forschung;Technologietransfer;Produktivit{\"a}t;Endogenes Wachstumsmodell;Theorie;Welt;Europ{\"a}ische Integration;Europ{\"a}ische Wirtschaft;Europ{\"a}ische W{\"a}hrungsunion;EU-Staaten},
 journal = {European economic review : EER}
}


@article{Caselli.1996,
 author = {Caselli, Francesco and Esquivel, Gerardo and Lefort, Fernando},
 year = {1996},
 title = {Reopening the convergence debate: A new look at cross-country growth empirics},
 keywords = {Wirtschaftliche Konvergenz;Wirtschaftswachstum;Sch{\"a}tztheorie;Wachstumstheorie;Theorie},
 journal = {Journal of economic growth}
}


@article{Howitt.2000,
 author = {Howitt, Peter},
 year = {2000},
 title = {Endogenous growth and cross-country income differences},
 keywords = {Endogenes Wachstumsmodell;Technologietransfer;Wirtschaftliche Konvergenz;Theorie;Schumpeterismus;Wirtschaft : Allgemeines},
 pages = {829--846},
 volume = {90},
 number = {4},
 journal = {The American economic review}
}


@article{Vandenbussche.2006,
 author = {Vandenbussche, J{\'e}r{\^o}me and Aghion, Philippe and Meghir, Costas},
 year = {2006},
 title = {Growth, distance to frontier and composition of human capital},
 pages = {97--127},
 volume = {11},
 number = {2},
 journal = {Journal of economic growth}
}


@misc{Ashraf.2008,
 abstract = {This paper empirically tests the existence of Malthusian population dynamics in the pre-Industrial Revolution era. The theory suggests that, during the agricultural stage of development, resource surpluses beyond the maintenance of subsistence consumption were channeled primarily into population growth. In particular, societies naturally blessed by higher land productivity would have supported larger populations, given the level of socioeconomic development. Moreover, given land productivity, societies in more advanced stages of development, as reected by their cumulative experience with the agricultural technological paradigm since the Neolithic Revolution, would have sustained higher population densities. Using exogenous cross-country variations in the natural productivity of land and in the timing of the Neolithic Revolution, the analysis demonstrates that, in accordance with the Malthusian theory, societies that were characterized by higher land productivity and an earlier onset of agriculture had a higher population density in the time period 1-1500 CE. -- Growth ; Technological Progress ; Population Dynamics ; Land Productivity ; Neolithic Revolution ; Malthusian Stagnation},
 author = {Ashraf, Quamrul and Galor, Oded},
 year = {2008},
 title = {Malthusian population dynamics: Theory and evidence},
 url = {http://hdl.handle.net/10419/62638},
 address = {Providence, RI},
 publisher = {Brown Univ. Dep. of Economics},
 series = {Working paper / Brown University, Department of Economics}
}


@article{Azariades.1990,
 author = {Azariadēs, Constantine Christos and Drazen, Allan},
 year = {1990},
 title = {Threshold externalities in economic development},
 keywords = {Externer Effekt;Wachstumstheorie;Entwicklungstheorie;Theorie},
 number = {421, S. 501-526},
 journal = {The quarterly journal of economics}
}


@article{Arrow.1969,
 author = {Arrow, Kenneth J.},
 year = {1969},
 title = {Classificatory notes on the production and transmission of technological knowledge},
 pages = {29--35},
 volume = {59},
 number = {2},
 journal = {The American economic review}
}


@book{Barro.1991,
 author = {Barro, Robert J. and Sala-i-Martin, Xavier},
 year = {1991},
 title = {Convergence across states and regions},
 address = {New Haven, Conn.},
 volume = {629},
 publisher = {Yale Univ. Economic Growth Center},
 series = {Center discussion paper}
}


@book{Barro.1995,
 author = {Barro, Robert J. and Sala-i-Martin, Xavier},
 year = {1995},
 title = {Economic growth},
 keywords = {Wachstumstheorie},
 address = {New York NY u.a.},
 publisher = {McGraw-Hill},
 isbn = {0-07-003697-7},
 series = {McGraw-Hill advanced series in economics}
}


@incollection{Alesina.2005,
 author = {Alesina, Alberto and Spolaore, Enrico and Wacziarg, Romain},
 title = {Trade, growth and the size of countries},
 keywords = {Landesgr{\"o}{\ss}e;Wirtschaftswachstum;Internationale Wirtschaft;Endogenes Wachstumsmodell;Offene Volkswirtschaft;Theorie},
 pages = {1499--1542},
 publisher = {Elsevier},
 isbn = {978-0-444-52043-2},
 booktitle = {Handbook of economic growth},
 year = {2005},
 address = {Amsterdam [u.a.]}
}


@article{Barro.1992,
 author = {Barro, Robert Joseph and Sala-i-Martin, Xavier X.},
 year = {1992},
 title = {Convergence},
 keywords = {Regionales Wachstum;Wirtschaftswachstum;USA},
 journal = {The journal of political economy}
}


@book{Becker.1964,
 author = {Becker, Gary Stanley},
 year = {1964},
 title = {Human capital: A theoretical and empirical analysis, with special reference to education},
 keywords = {Education;Economic aspects;Vocational guidance;Human capital;Humankapital;Vereinigte Staaten;Kapital Humankapital},
 address = {New York, NY},
 volume = {80},
 publisher = {National Bureau of Economic Research},
 series = {General series / National Bureau of Economic Research}
}


@book{Benabou.1996,
 author = {B{\'e}nabou, Roland},
 year = {1996},
 title = {Inequality and growth},
 address = {Cambridge, Mass.},
 volume = {5658},
 publisher = {National Bureau of Economic Research},
 series = {NBER working paper series}
}


@book{.2006,
 year = {2006},
 title = {International finance and monetary policy},
 address = {New York, NY},
 publisher = {Nova Science Publ},
 isbn = {978-1-60021-103-4}
}


@article{Benhabib.1994,
 author = {Benhabib, Jess J. and Spiegel, Mark M.},
 year = {1994},
 title = {The role of human capital in economic development: Evidence from aggregate cross-country data},
 keywords = {Humankapital;Wirtschaftswachstum;Welt;Endogenes Wachstumsmodell},
 volume = {34},
 number = {2, S. 143-173},
 journal = {Journal of monetary economics}
}


@article{Autume.1994,
 abstract = {{\"u}berlappende Generationen Analyse des Lucas Modells},
 author = {Autume, Antoine d' and Michel, Philippe},
 year = {1994},
 title = {Education et croissance: Education and growth},
 keywords = {Endogenes Wachstumsmodell;Humankapital;Theorie},
 journal = {Revue d'{\'e}conomie politique}
}


@article{Acemoglu.2006,
 author = {Acemo{\u{g}}lu, Daron and Aghion, Philippe and Zilibotti, Fabrizio},
 year = {2006},
 title = {Distance to frontier, selection, and economic growth},
 keywords = {Wirtschaftswachstum;Technischer Fortschritt;Wachstumstheorie},
 pages = {37--74},
 volume = {4},
 number = {1},
 journal = {Journal of the European Economic Association}
}


@book{Acemoglu.2009,
 author = {Acemoglu, Daron},
 year = {2009},
 title = {Introduction to modern economic growth},
 keywords = {Economic development;Macroeconomics;Wirtschaftswachstum;Wachstumstheorie;Neue Wachstumstheorie;Theorie;Wirtschaftspolitik;Makro{\"o}konomik;Lehrmaterial;Wachstumspolitik},
 address = {Princeton, NJ},
 publisher = {Princeton Univ. Press},
 isbn = {9780691132921}
}


@article{Aghion.1992,
 author = {Aghion, Philippe and Howitt, Peter W.},
 year = {1992},
 title = {A model of growth through creative destruction},
 keywords = {Neue Wachstumstheorie;Forschung;Innovation;Gleichgewichtstheorie;Theorie},
 journal = {Econometrica : journal of the Econometric Society, an internat. society for the advancement of economic theory in its relation to statistics and mathematics}
}


@book{Aghion.1998,
 author = {Aghion, Philippe and Howitt, Peter},
 year = {1998},
 title = {Endogenous growth theory},
 keywords = {Wachstumstheorie;Endogenes Wirtschaftswachstum},
 address = {Cambridge Mass. u.a},
 edition = {2},
 publisher = {MIT Press},
 isbn = {0-262-01166-2}
}


@book{Aghion.2015,
 author = {Aghion, Philippe and Howitt, Peter and Seiter, Stephan},
 year = {2015},
 title = {Wachstums{\"o}konomie},
 price = {EUR 39.95},
 keywords = {Wirtschaftswachstum;Wachstumstheorie;Wachstumspolitik;Entwicklung;Theorie;Lehrbuch},
 address = {Berlin},
 publisher = {de Gruyter Oldenbourg},
 isbn = {9783486598216}
}


@book{Arnold.1997,
 author = {Arnold, Lutz},
 year = {1997},
 title = {Wachstumstheorie},
 price = {ca. DM 48.00},
 keywords = {Wachstumstheorie;Neue Wachstumstheorie;Theorie;Lehrbuch;Solow;Handel},
 address = {M{\"u}nchen},
 publisher = {Vahlen},
 isbn = {3800622424}
}


@article{Arrow.1962,
 author = {Arrow, Kenneth J.},
 year = {1962},
 title = {The economic implications of learning by doing},
 pages = {155--173},
 volume = {29},
 number = {3},
 journal = {The review of economic studies}
}


@misc{arte.,
 author = {arte},
 title = {Kapitalsimus Teil 2},
 institution = {arte}
}


@article{Barro.1997,
 author = {Barro, Robert Joseph and Sala-i-Martin, Xavier X.},
 year = {1997},
 title = {Technological diffusion, convergence, and growth},
 keywords = {Neue Wachstumstheorie;Wachstumstheorie;Neoklassik;Entwicklungskonvergenz;Innovationsdiffusion;Technischer Fortschritt;Theorie},
 journal = {Journal of economic growth}
}


@misc{Bibi.,
 author = {Bibi}
}


@article{BirgtiKirschbaum.,
 abstract = {This paper analyses the influence of an export supporting policy on the technical progress of a country. The model is closely related to the model by Acemoglu et al. (2006) which constitutes the context between growth and distance to frontier but modified considering import and export sector of a small economy. An export supporting strategy is introduced which increases the project size in the export sector. It shows that the project size is an influencing factor for the outcome and the growth of the technological knowledge. An economy benefits from trade in every stage of development. It turns out, that the export support is a strong incentive to develop innovations, which inducts the growth.},
 author = {{Birgti~Kirschbaum}},
 title = {Export Supporting Strategy, Distance to Frontier and Economic Growth}
}


@book{Chiang.2000,
 author = {Chiang, Alpha C.},
 year = {2000},
 title = {Elements of dynamic optimization},
 keywords = {Dynamische Optimierung;Economics, Mathematical;Mathematical optimization;Operations Research;Mathematik;Wirtschaftstheorie;Lehrmaterial;Mathematische Optimierung;Optimierung},
 address = {Long Grove, Ill.},
 edition = {Reissued},
 publisher = {Waveland Press},
 isbn = {9781577660965}
}


@phdthesis{Dillenseger.2013,
 author = {Dillenseger, Valentina},
 year = {2013},
 title = {Technologietransfer durch Migranten aus Entwicklungsl{\"a}ndern},
 price = {Pb. : EUR 38.50 (DE)},
 keywords = {Internationale Migration;Braindrain;Technologietransfer;Wachstumstheorie;Technology transfer;Foreign workers;Internationale Wanderung;Brain Drain;Neue Wachstumstheorie;Entwicklungsl{\"a}nder;Industriel{\"a}nder;Industriestaaten;Developed countries;Emigration and immigration;Developing countries},
 address = {Berlin and Bochum},
 school = {Univ}
}


@article{Galor.1997,
 author = {Galor, Oded and Tsiddon, Daniel},
 year = {1997},
 title = {Technological progress, mobility, and economic growth},
 keywords = {Technischer Fortschritt;Einkommensverteilung;Overlapping Generations;Neue Wachstumstheorie;Theorie;Wirtschaft : Allgemeines},
 journal = {The American economic review}
}


@book{Galor.2011,
 author = {Galor, Oded},
 year = {2011},
 title = {Unified growth theory},
 price = {alk. paper},
 keywords = {Economic development;Technological innovations;Economic aspects;Wachstumstheorie;Wohlfahrtstheorie;Konjunkturtheorie;Dogmengeschichte;Theorie},
 address = {Princeton, NJ},
 publisher = {Princeton Univ. Press},
 isbn = {9780691130026}
}


@unpublished{Galor.2014,
 author = {Galor, Oded},
 year = {2014},
 title = {Growth and Comparative Development},
 address = {AEA}
}


@book{Gerschenkron.1962,
 author = {Gerschenkron, Alexander},
 year = {1962},
 title = {Economic backwardness in historical perspective: A book of essays},
 keywords = {Industrie;Wirtschaft;Sowjetunion;Bulgarien;Italien;Industries;Soviet Union;Italy;Bulgaria;Economic conditions;Aufsatzsammlung;Geschichte;Pasternak, Boris;Romeo, Rosario;Wirtschaftswachstum;Industrialisierung;Europa Italien Bulgarien;Literaturgattung;Prosa;UdSSR;Wirtschaftsgeschichte;Mittel- und Osteuropa (MOEL);Entwicklung},
 address = {Cambridge and Mass},
 publisher = {Belknap Press of Harvard Univ. Press}
}


@article{Griffith.2004,
 author = {Griffith, Rachel and Redding, Stephen and {van~Reenen}, John},
 year = {2004},
 title = {Mapping the two faces of R{\&}D: Productivity growth in a panel of OECD industries},
 keywords = {Forschung;Produktivit{\"a}t;Wirtschaftliche Konvergenz;Wirtschaftswachstum;Innovation;Humankapital;Theorie;Sch{\"a}tzung;OECD-Staaten},
 pages = {883--895},
 volume = {86},
 number = {4},
 journal = {The review of economics and statistics}
}


@article{Grossman.1991a,
 author = {Grossman, Gene M. and Helpman, Elhanan},
 year = {1991a},
 title = {Quality ladders and product cycles},
 keywords = {Technology transfer;Technological innovations;Profit;Quality of products;Product life cycle;Stochastic processes},
 pages = {43--61},
 volume = {68},
 journal = {Review of Economic Studies}
}


@book{Grossman.1991b,
 author = {Grossman, Gene M. and Helpman, Elhanan},
 year = {1991b},
 title = {Innovation and growth in the global economy},
 price = {(hc.)},
 keywords = {Weltwirtschaft;Technischer Fortschritt;Wirtschaftswachstum},
 address = {Cambridge Mass. u.a},
 publisher = {The MIT Pr},
 isbn = {0-262-57097-1}
}


@article{Hassler.2000,
 author = {Hassler, John and {Rodríguez~Mora}, Jos{\'e} V.},
 year = {2000},
 title = {Intelligence, social mobility, and growth},
 keywords = {Soziale Mobilit{\"a}t;Generationengerechtigkeit;Humanressourcen;Wirtschaftswachstum;Theorie;Wirtschaft : Allgemeines},
 pages = {888--908},
 volume = {90},
 number = {4},
 journal = {The American economic review}
}


@book{Howitt.2002,
 author = {Howitt, Peter and Mayer-Foulkes, David},
 year = {2002},
 title = {R{\&}D, implementation and stagnation: A Schumpeterian theory of convergence clubs},
 keywords = {Entwicklungskonvergenz;Wachstumstheorie;Industrieforschung;Schumpeterismus;Industrielle Forschung},
 address = {Cambridge and Mass},
 volume = {9104},
 publisher = {National Bureau of Economic Research},
 series = {NBER working paper series}
}


@book{King.2005,
 author = {King, Alexander},
 year = {2005},
 title = {R{\"a}umliche Mobilit{\"a}t in Haiti zwischen Paysannerie und Weltmarkt: Wandel der Beziehungen zwischen Land, Stadt und Ausland unter dem Einfluss der Globalisierung am Beispiel des Verflechtungsraums von Cap Ha{\"i}tien ; mit 33 Tabellen: Univ., Diss.--T{\"u}bingen, 2005},
 keywords = {L{\"a}ndlicher Raum;Mobilit{\"a}t;Stadt;Globalization;Economic aspects;Social aspects;Landflucht;Arbeitsmigranten;Kapitalismus;Globalisierung;Haiti;Economic conditions;1971-;Economic policy},
 address = {T{\"u}bingen},
 volume = {27},
 publisher = {Selbstverl. des Geograph. Inst. der Univ},
 isbn = {3881210733},
 series = {T{\"u}binger Beitr{\"a}ge zur geographischen Lateinamerika-Forschung}
}


@book{King.2005b,
 author = {King, Alexander},
 year = {2005},
 title = {R{\"a}umliche Mobilit{\"a}t in Haiti zwischen Paysannerie und Weltmarkt: Wandel der Beziehungen zwischen Land, Stadt und Ausland unter dem Einfluss der Globalisierung am Beispiel des Verflechtungsraums von Cap Ha{\"i}tien ; mit 33 Tabellen: Univ., Diss.--T{\"u}bingen, 2005},
 keywords = {L{\"a}ndlicher Raum;Mobilit{\"a}t;Stadt;Globalization;Economic aspects;Social aspects;Landflucht;Arbeitsmigranten;Kapitalismus;Globalisierung;Haiti;Economic conditions;1971-;Economic policy},
 address = {T{\"u}bingen},
 volume = {27},
 publisher = {Selbstverl. des Geograph. Inst. der Univ},
 isbn = {3881210733},
 series = {T{\"u}binger Beitr{\"a}ge zur geographischen Lateinamerika-Forschung}
}


@article{Krugman.1979,
 author = {Krugman, Paul},
 year = {1979},
 title = {A model of innovation, technology transfer, and the world distribution of income},
 pages = {253--266},
 volume = {87},
 number = {2},
 journal = {The journal of political economy}
}


@book{Krugman.1979b,
 author = {Krugman, Paul},
 year = {1979},
 title = {International trade and income distribution: A reconstruction},
 keywords = {Aussenwirtschaft;Einkommensverteilung},
 address = {New Haven and Conn},
 volume = {314},
 publisher = {Economic Growth Center Yale Univ},
 series = {Center diskussion paper}
}


@article{Krugman.1991,
 author = {Krugman, Paul Robin},
 year = {1991},
 title = {Increasing returns and economic geography},
 keywords = {Industriegeographie;Skalenertrag;Transportkosten;Theorie;Neue {\"o}konomische Geographie},
 journal = {The journal of political economy}
}


@book{Krugman.2010,
 abstract = {Die didaktische Revolution in der wirtschaftswissenschaftlichen Ausbildung. Mit ihrem erz{\"a}hlerischen Ansatz, der klaren Sprache und den lebensnahen Beispielen gelingt den renommierten Autoren eine unterhaltsame, spannende und {\"a}u{\ss}erst praxisorientierte Einf{\"u}hrung in die Volkswirtschaftslehre. Eine einleitende Geschichte zu Beginn jedes Kapitels erleichtert den Zugang zum jeweiligen Thema und hilft, die Inhalte besser im Ged{\"a}chtnis zu verankern. Alle vorgestellten Konzepte und Theorien werden durch realit{\"a}tsnahe, gut einpr{\"a}gsame Beispiele aus dem Wirtschaftsalltag veranschaulicht. In jedem Kapitel sichern eine durchgehende Praxis-Fallstudie, eine Kurzzusammenfassung und Kontrollfragen inklusive Antworten den optimalen Lernerfolg. Vertiefende Inhalte k{\"o}nnen bei Bedarf hinzugezogen werden. F{\"u}r Studenten ein unverzichtbares Grundlagenwerk.},
 author = {Krugman, Paul and Wells, Robin and John, Klaus Dieter},
 year = {2010},
 title = {Volkswirtschaftslehre},
 price = {EUR 49.95, ca. EUR 51.40 (AT), ca. sfr 77.00 (freier Pr.)},
 keywords = {Volkswirtschaftslehre;Volkswirtschaft;{\"O}konomie;Handbuch;Nachschlagewerk;Wirtschaftswissenschaft;Wirtschaftsstudium;Theorie;Lehrmaterial;Volkswirtschaftstheorie;Lehrbuch},
 address = {Stuttgart},
 publisher = {Sch{\"a}ffer-Poeschel},
 isbn = {9783791023397}
}


@article{LadrondeGuevaraAntonio.1997,
 author = {{Ladrón~de~Guevara,~Antonio} and Ortigueira, Salvador and {Santos~Santos}, Manuel},
 year = {1997},
 title = {Equilibrium dynamics in two-sector models of endogenous growth},
 keywords = {Endogenes Wachstumsmodell;Dynamisches Gleichgewicht;Theorie},
 journal = {Journal of economic dynamics {\&} control}
}


@book{Lin.2007,
 author = {Lin{\ss}, Vera},
 year = {2007},
 title = {Die wichtigsten Wirtschaftsdenker},
 address = {Wiesbaden},
 publisher = {Marix-Verl.},
 isbn = {9783865399229},
 series = {Marixwissen}
}


@article{Lucas.1988,
 author = {Lucas, Robert E.},
 year = {1988},
 title = {On the mechanics of economic development},
 keywords = {Entwicklungstheorie;Neue Wachstumstheorie;Theorie},
 journal = {Journal of monetary economics}
}


@book{Lutz.2014,
 year = {2014},
 title = {World population and human capital in the twenty-first century},
 price = {{\pounds}95.00},
 keywords = {Weltbev{\"o}lkerung;Bev{\"o}lkerungswachstum;Prognose;Bev{\"o}lkerungsentwicklung;Bev{\"o}lkerungsprognose;Humankapital;Welt;Educational attainment;Forecasting;Population forecasting;Aufsatzsammlung},
 address = {Oxford},
 edition = {1. ed},
 publisher = {Oxford Univ. Press},
 isbn = {9780198703167},
 editor = {Lutz, Wolfgang}
}


@book{Mankiw.2012,
 abstract = {Das Standardlehrbuch (Vorauflage in ID-G 39/08) der beiden angloamerikanischen Wirtschaftswissenschaftler wurde von A. Wagner und M. Herrmann, beide Universit{\"a}t Leipzig, sorgf{\"a}ltig {\"u}bersetzt und bearbeitet. Es ist umfassend, sehr gut verst{\"a}ndlich und enth{\"a}lt neben vielen Schaubildern etliche Fallstudien, so z.B. eine {\"u}ber die Griechenlandkrise. Zusammenfassungen, Stichw{\"o}rter, Wiederholungsfragen sowie Aufgaben und Anwendungen helfen den Studierenden die Kapitel jeweils zu repetieren. Die L{\"o}sungen f{\"u}r die Wiederholungsfragen sowie die Aufgaben und Anwendungen finden sich im separaten Arbeitsbuch (in dieser Nr.), das von M. Herrmann erarbeitet wurde. Es sollte mit dem Standardwerk gemeinsam angeboten werden. Die Vorauflagen sollten ersetzt werden, da die neue Auflage 2 wichtige Kapitel {\"u}ber die Finanzkrise und die keynesianische IS-LM-Analyse, ein sehr wichtiges Analyseinstrument, enth{\"a}lt. Das Buch kann neben {\dq}Grundz{\"u}ge der Volkswirtschaftslehre{\dq} (unter Mitarbeit von P. Bofinger: ID-B 4/11) und A. Heertje: {\dq}Grundlagen der Volkswirtschaftslehre{\dq} (ID-G 4/09) stehen. (3) (LK/OS: Dannert)

Gut verst{\"a}ndliches und umfassendes Standardlehrbuch zweier angloamerikanischer Wirtschaftswissenschaftler, das von Experten aus Leipzig sorgf{\"a}ltig {\"u}bersetzt und {\"u}berarbeitet wurde. (LK/OS: Dannert)},
 author = {Mankiw, Nicholas Gregory and Taylor, Mark P. and Wagner, Adolf and Herrmann, Marco and ...@Mankiw-Taylor},
 year = {2012},
 title = {Grundz{\"u}ge der Volkswirtschaftslehre},
 url = {http://www.vlb.de/GetBlob.aspx?strDisposition=a\&strIsbn=9783791030982},
 price = {EUR 39.95},
 keywords = {Volkswirtschaftslehre;Wirtschaftswissenschaft;Theorie;USA;Lehrbuch;Economics;Textbooks;Handbuch},
 address = {Stuttgart},
 edition = {5., {\"u}berarb. und erw. Aufl},
 publisher = {Sch{\"a}ffer-Poeschel},
 isbn = {9783791030982}
}


@article{MattiasWolfgangStoetzerDanielErnst.,
 author = {{Mattias-Wolfgang~Stoetzer,~Daniel~Ernst}},
 title = {Innovatve firms and employment- a meta-analysis of the empirical evidence},
 pages = {173--182},
 volume = {2015},
 number = {2},
 journal = {Perspekitiven der Wirtschaftspolitik}
}


@article{Nelson.1966,
 author = {Nelson, Richard R. and Phelps, Edmund S.},
 year = {1966},
 title = {Investment in humans, technological diffusion, and ecoomic growth},
 pages = {69--75},
 volume = {56},
 number = {2},
 journal = {The American economic review}
}


@article{Ortigueira.2002,
 author = {Ortigueira, Salvador and {Santos~Santos,~Manuel~S.}},
 year = {2002},
 title = {Equilibrium dynamics in a two-sector model with taxes},
 keywords = {Dynamisches Gleichgewicht;Endogenes Wachstumsmodell;Mehrsektoren-Modell;Steuerwirkung;Lohnsteuer;Theorie},
 pages = {99--119},
 volume = {105},
 number = {1},
 journal = {Journal of economic theory}
}


@article{Ramsey.1928,
 author = {Ramsey, Frank P.},
 year = {1928},
 title = {A mathematical theory of saving},
 pages = {543--559},
 volume = {38 (1928)},
 journal = {The economic journal : the journal of the Royal Economic Society}
}


@article{Reinganum.1981,
 author = {Reinganum, Jennifer F.},
 year = {1981},
 title = {Dynamic games of innovation},
 pages = {21--41},
 volume = {25},
 number = {1},
 journal = {Journal of economic theory}
}


@article{Reinganum.1985,
 author = {Reinganum, Jennifer Freidel},
 year = {1985},
 title = {Innovation and industry evolution},
 keywords = {Innovation;Industrie},
 journal = {The quarterly journal of economics}
}


@article{Romer.1986,
 abstract = {This paper presents a fullv specified model of long-run growth in
which krlowledge is assumed  to  be an input in production that has
increasing marginal productivity. It is essentially a competetive equi-
libriurn model with endogenous techilological change.  In  contrast lo
models based  on  diminislhing returns, growth rates can be increasing
over time. The effects of small disturbances can be amplified  by  the
actions of private agents, and large countries may always grow faster
than small countries. Long-run evidence is offered in support of the
empirical relevance of these possibilities.},
 author = {Romer, Paul Michael},
 year = {1986},
 title = {Increasing Returns and Long-Run Growth},
 pages = {1002--1037},
 volume = {94},
 number = {5},
 journal = {The journal of political economy}
}


@article{Romer.1990,
 author = {Romer, Paul Michael},
 year = {1990},
 title = {Endogenous technological change},
 keywords = {Neue Wachstumstheorie;Technischer Fortschritt;Theorie},
 journal = {The journal of political economy}
}


@book{Romer.1993,
 author = {Romer, Paul M.},
 year = {1993},
 title = {Idea gaps and object gaps in economic development},
 keywords = {Economic development;Economics;Economic Competition;Public Policy},
 address = {Toronto and Ont},
 volume = {15},
 publisher = {Canadian Institute for Advanced Research, Program in Economic Growth~{and}~Policy},
 series = {CIAR program in economic growth and policy working paper}
}


@article{Samuelson.1948,
 author = {Samuelson, Paul A.},
 year = {1948},
 title = {International trade and the equalisation of factor prices},
 pages = {163--184},
 volume = {58},
 number = {230},
 journal = {The economic journal : the journal of the Royal Economic Society}
}


@article{Schultz.1962,
 author = {Schultz, Theodore William},
 year = {1962},
 title = {Investment in human capital},
 pages = {106--120},
 journal = {Phelps : Edmund S}
}


@book{Schumpeter.1983,
 author = {Schumpeter, Joseph A.},
 year = {{\copyright}1983},
 title = {The theory of economic development: An inquiry into profits, capital, credit, interest, and the business cycle},
 address = {New Brunswick and N.J},
 publisher = {Transaction Books},
 isbn = {0878556982},
 series = {Social science classics series}
}


@book{Schumpeter.2008,
 author = {Schumpeter, Joseph A.},
 year = {2008},
 title = {Capitalism, socialism, and democracy},
 address = {New York},
 edition = {1},
 publisher = {Harper Perennial Modern Thought},
 isbn = {0061561614}
}


@book{Scotchmer.2004,
 abstract = {{\dq}Interest in intellectual property and other institutions that promote innovation exploded during the 1990s. Innovation and Incentives provides a clear and wide-ranging introduction to the economics of innovation, suitable for teaching at both the advanced undergraduate and graduate levels. It will also be useful to legal and economics professionals. Written by an expert on intellectual property and industrial organization, the book archieves a balanced mix of institutional details, examples, and theory. Analytical, empirical, or institutional factors can be given different emphases at different levels of study.{\dq}--BOOK JACKET.},
 author = {Scotchmer, Suzanne},
 year = {2004},
 title = {Innovation and incentives},
 address = {Cambridge and Mass},
 publisher = {MIT Press},
 isbn = {9780262693431}
}


@article{Sheshinski.1967,
 author = {Sheshinski, Eytan},
 year = {1967},
 title = {Tests of the {\dq}learning by doing{\dq} hypothesis},
 pages = {568--578},
 volume = {49},
 number = {4},
 journal = {The review of economics and statistics}
}


@book{Tirole.1988,
 author = {Tirole, Jean},
 year = {1988},
 title = {The theory of industrial organization},
 keywords = {Industrie{\"o}konomie;Management;Industrial organization (Economic theory);28;60},
 address = {Cambridge and Mass},
 publisher = {MIT Press},
 isbn = {9780262200714}
}


@article{Uzawa.1965,
 author = {Uzawa, Hirofumi},
 year = {1965},
 title = {Optimal technical change in an aggregative model of economic growth},
 pages = {18--31},
 volume = {6},
 number = {1},
 journal = {International economic review}
}


