% This file was created with Citavi 4.4.0.28

@book{.,
	title = {Economic growth: Theory and evidence ; volume 1},
	address = {Cheltenham and Brookfield and Cheltenham},
	publisher = {Elgar},
	isbn = {1858982057}
}


@article{.1968,
	abstract = {The population problem has no technical solution; it requires a fundamental extension in morality.},
	author = {Hardin, Garrett},
	year = {1968},
	title = {The tragedy of the commons},
	pages = {1243--1248},
	volume = {162},
	number = {3859},
	issn = {0036-8075},
	journal = {Science (New York, N.Y.)},
	doi = {10.1126/science.162.3859.1243}
}


@book{.2005,
	year = {2005},
	title = {Handbook of economic growth},
	address = {Amsterdam [u.a.]},
	publisher = {Elsevier},
	isbn = {978-0-444-52043-2}
}


@book{.2005b,
	year = {2005},
	title = {Handbook of economic growth},
	address = {Amsterdam [u.a.]},
	publisher = {Elsevier},
	isbn = {978-0-444-52043-2}
}


@book{.2006,
	year = {2006},
	title = {International finance and monetary policy},
	address = {New York, NY},
	publisher = {Nova Science Publ},
	isbn = {978-1-60021-103-4}
}


@book{.2012,
	abstract = {The World Development Report 2013: Jobs looks at jobs as drivers of development, not as derived labor demand, and considers all types of jobs, not just formal wage employment. The Report provides a framework that cuts across sectors and shows that the best policy responses vary across countries, depending on their levels of development, endowments, demography, and institutions. Policy fundamentals matter in all cases, as they enable a vibrant private sector, the source of most jobs in the world. Labor policies can help as well, even if they are less critical than is often assumed. Development policies, from making smallholder farming viable to fostering functional cities to engaging in global markets, hold the key to success.},
	year = {2012},
	title = {World development report 2013: Jobs},
	keywords = {Labor policy;Occupations;Professions;Developing countries;BUSINESS {\&} ECONOMICS;POLITICAL SCIENCE;Career development;Vocational guidance},
	address = {Washington, D.C.},
	volume = {2013},
	publisher = {World Bank},
	isbn = {9780821395752},
	series = {World development report}
}


@book{Aberle.2010,
	author = {Aberle, Judith},
	year = {2010},
	title = {Medizinische Virologie: Grundlagen, Diagnostik, Pr{\"a}vention und Therapie viraler Erkrankungen ; 115 Tabellen},
	keywords = {Viruskrankheit},
	address = {Stuttgart [u.a.]},
	edition = {2., komplett {\"u}berarb. und erw. Aufl.},
	publisher = {Thieme},
	isbn = {3131139625}
}


@book{Abernathy.1978,
	author = {Abernathy, William J.},
	year = {1978},
	title = {The productivity dilemma: Roadblock to innovation in the automobile industry},
	keywords = {Arbeitsbestgestaltung;Arbeitsproduktivit{\"a}t;Kraftfahrzeugindustrie;Vereinigte Staaten},
	address = {Baltimore},
	publisher = {Hopkins Univ. Press},
	isbn = {0801820812}
}


@article{Abramovitz.1986,
	author = {Abramovitz, Moses},
	year = {1986},
	title = {Catching Up, Forging Ahead, and Falling Behind},
	pages = {385},
	volume = {46},
	number = {02},
	issn = {0022-0507},
	journal = {The Journal of Economic History},
	doi = {10.1017/S0022050700046209}
}


@article{Acemoglu.2000,
	author = {Acemoglu, Daron and Angrist, Joshua and Bils, Mark and Rouse, Cecilia Elena},
	year = {2000},
	title = {How large are human-capital externalities? Evidence from compulsory schooling laws},
	keywords = {Humankapital;Externer Effekt;Theorie;Bildungsertrag;USA},
	pages = {9--59},
	volume = {15 (2000)},
	journal = {NBER macroeconomics annual}
}


@article{Acemoglu.2000b,
	author = {Acemoglu, Daron and Johnson, Simon and Robinson, James},
	year = {2000},
	title = {The Colonial Origins of Comparative Development: An Empirical Investigation},
	doi = {10.3386/w7771}
}


@article{Acemoglu.2002,
	author = {Acemoglu, Daron and Ventura, Jaume},
	year = {2002},
	title = {The world income distribution},
	keywords = {Einkommensverteilung;Endogenes Wachstumsmodell;Skalenertrag;Internationale Arbeitsteilung;Terms of Trade;Theorie;Welt},
	journal = {The quarterly journal of economics}
}


@book{Acemoglu.2002b,
	author = {Acemoglu, Daron and Johnson, Simon and Robinson, James A.},
	year = {2002},
	title = {An African success story: Botswana},
	keywords = {Entwicklung;Wirtschaftspolitik;Entwicklungspolitik;Volkswirtschaft;Botsuana},
	address = {London},
	volume = {3219},
	publisher = {Centre for Economic Policy Research},
	series = {Discussion paper series / Centre for Economic Policy Research Public policy}
}


@book{Acemoglu.2002c,
	author = {Acemoglu, Daron and Aghion, Philippe and Zilibotti, Fabrizio},
	year = {2002},
	title = {Vertical integration and distance to frontier},
	keywords = {Vertikale Integration;Outsourcing;Technische Effizienz;Wachstumstheorie;Theorie;Economic development;Econometric models;Technological innovations;Vertikale Konzentration},
	address = {Cambridge, Mass.},
	volume = {9191},
	publisher = {National Bureau of Economic Research},
	series = {NBER working paper series}
}


@article{Acemoglu.2003,
	author = {Acemoglu, Daron},
	year = {2003},
	title = {Labor- and capital-augmenting technical change},
	keywords = {Technischer Fortschritt;Wachstumstheorie;Faktorintensit{\"a}t;Theorie},
	pages = {1--37},
	volume = {1},
	number = {1},
	journal = {Journal of the European Economic Association}
}


@article{Acemoglu.2006,
	author = {Acemo{\u{g}}lu, Daron and Aghion, Philippe and Zilibotti, Fabrizio},
	year = {2006},
	title = {Distance to frontier, selection, and economic growth},
	keywords = {Wirtschaftswachstum;Technischer Fortschritt;Wachstumstheorie},
	pages = {37--74},
	volume = {4},
	number = {1},
	journal = {Journal of the European Economic Association}
}


@book{Acemoglu.2009,
	author = {Acemoglu, Daron},
	year = {2009},
	title = {Introduction to modern economic growth},
	keywords = {Economic development;Macroeconomics;Wirtschaftswachstum;Wachstumstheorie;Neue Wachstumstheorie;Theorie;Wirtschaftspolitik;Makro{\"o}konomik;Lehrmaterial;Wachstumspolitik},
	address = {Princeton, NJ},
	publisher = {Princeton Univ. Press},
	isbn = {9780691132921}
}


@article{Aghion.1992,
	author = {Aghion, Philippe and Howitt, Peter W.},
	year = {1992},
	title = {A model of growth through creative destruction},
	keywords = {Neue Wachstumstheorie;Forschung;Innovation;Gleichgewichtstheorie;Theorie},
	journal = {Econometrica : journal of the Econometric Society, an internat. society for the advancement of economic theory in its relation to statistics and mathematics}
}


@book{Aghion.1998,
	author = {Aghion, Philippe and Howitt, Peter},
	year = {1998},
	title = {Endogenous growth theory},
	keywords = {Wachstumstheorie;Endogenes Wirtschaftswachstum},
	address = {Cambridge Mass. u.a},
	edition = {2},
	publisher = {MIT Press},
	isbn = {0-262-01166-2}
}


@article{Aghion.2013,
	author = {Aghion, Philippe and Fedderke, Johannes and Howitt, Peter and Kularatne, Chandana and Viegi, Nicola},
	year = {2013},
	title = {Testing creative destruction in an opening economy: The case of the South African manufacturing industries},
	pages = {419--450},
	volume = {21},
	number = {3},
	journal = {The economics of transition}
}


@book{Aghion.2015,
	author = {Aghion, Philippe and Howitt, Peter and Seiter, Stephan},
	year = {2015},
	title = {Wachstums{\"o}konomie},
	price = {EUR 39.95},
	keywords = {Wirtschaftswachstum;Wachstumstheorie;Wachstumspolitik;Entwicklung;Theorie;Lehrbuch},
	address = {Berlin},
	publisher = {de Gruyter Oldenbourg},
	isbn = {9783486598216}
}


@article{Agrawal.2011,
	author = {Agrawal, Ajay and Kapur, Devesh and McHale, John and Oettl, Alexander},
	year = {2011},
	title = {Brain drain or brain bank? The impact of skilled emigration on poor-country innovation},
	keywords = {Humankapital;Innovation;Auswanderung;Brain Drain;Wissenstransfer;Patent;Indien},
	pages = {43--55},
	volume = {69},
	number = {1},
	journal = {Journal of urban economics}
}


@incollection{Alesina.2005,
	author = {Alesina, Alberto and Spolaore, Enrico and Wacziarg, Romain},
	title = {Trade, growth and the size of countries},
	keywords = {Landesgr{\"o}{\ss}e;Wirtschaftswachstum;Internationale Wirtschaft;Endogenes Wachstumsmodell;Offene Volkswirtschaft;Theorie},
	pages = {1499--1542},
	publisher = {Elsevier},
	isbn = {978-0-444-52043-2},
	booktitle = {Handbook of economic growth},
	year = {2005},
	address = {Amsterdam [u.a.]}
}


@article{Antweiler.2002,
	author = {Antweiler, Werner and Trefler, Daniel},
	year = {2002},
	title = {Increasing returns and all that: A view from trade},
	keywords = {Skalenertrag;Internationale Wirtschaft;Allgemeines Gleichgewicht;Faktorproportionentheorem;Theorie;Sch{\"a}tzung;Welt;Wirtschaft : Allgemeines},
	pages = {93--119},
	volume = {92},
	number = {1},
	journal = {The American economic review}
}


@book{Arnold.1997,
	author = {Arnold, Lutz},
	year = {1997},
	title = {Wachstumstheorie},
	price = {ca. DM 48.00},
	keywords = {Wachstumstheorie;Neue Wachstumstheorie;Theorie;Lehrbuch;Solow;Handel},
	address = {M{\"u}nchen},
	publisher = {Vahlen},
	isbn = {3800622424}
}


@article{Arrow.1962,
	author = {Arrow, Kenneth J.},
	year = {1962b},
	title = {The economic implications of learning by doing},
	pages = {155--173},
	volume = {29},
	number = {3},
	journal = {The review of economic studies}
}


@article{Arrow.1969,
	author = {Arrow, Kenneth J.},
	year = {1969},
	title = {Classificatory notes on the production and transmission of technological knowledge},
	pages = {29--35},
	volume = {59},
	number = {2},
	journal = {The American economic review}
}


@misc{arte.,
	author = {arte},
	title = {Kapitalsimus Teil 2},
	institution = {arte}
}


@article{Ashraf.2008,
	abstract = {This paper empirically tests the existence of Malthusian population dynamics in the pre-Industrial Revolution era. The theory suggests that, during the agricultural stage of development, resource surpluses beyond the maintenance of subsistence consumption were channeled primarily into population growth. In particular, societies naturally blessed by higher land productivity would have supported larger populations, given the level of socioeconomic development. Moreover, given land productivity, societies in more advanced stages of development, as reected by their cumulative experience with the agricultural technological paradigm since the Neolithic Revolution, would have sustained higher population densities. Using exogenous cross-country variations in the natural productivity of land and in the timing of the Neolithic Revolution, the analysis demonstrates that, in accordance with the Malthusian theory, societies that were characterized by higher land productivity and an earlier onset of agriculture had a higher population density in the time period 1-1500 CE. -- Growth ; Technological Progress ; Population Dynamics ; Land Productivity ; Neolithic Revolution ; Malthusian Stagnation},
	author = {Ashraf, Quamrul and Galor, Oded},
	year = {2008},
	title = {Malthusian population dynamics: Theory and evidence},
	url = {http://hdl.handle.net/10419/62638},
	volume = {2008,6}
}


@article{Ashraf.2011,
	author = {Ashraf, Quamrul and Galor, Oded},
	year = {2011},
	title = {Dynamics and stagnation in the Malthusian epoch},
	keywords = {Bev{\"o}lkerungsentwicklung;Nationaleinkommen;Einkommen;Produktivit{\"a}t;Fertilit{\"a}t;Bev{\"o}lkerungstheorie;Welt;Wirtschaft : Allgemeines},
	pages = {2003--2041},
	volume = {101},
	number = {5},
	journal = {The American economic review}
}


@article{Atkeson.2000,
	author = {Atkeson, Andrew and Kehoe, Patrick J.},
	year = {2000},
	title = {Paths of development for early- and late-bloomers in a dynamic Heckscher-Ohlin model},
	keywords = {Wachstumstheorie;Faktorproportionentheorem;Wirtschaftliche Konvergenz;Theorie},
	volume = {256}
}


@article{Autume.1994,
	author = {Autume, Antoine d' and Michel, Philippe},
	year = {1994},
	title = {Education et croissance: Education and growth},
	keywords = {Endogenes Wachstumsmodell;Humankapital;Theorie},
	journal = {Revue d'{\'e}conomie politique}
}


@article{Azariades.1990,
	author = {Azariades, Constantine Christos and Drazen, Allan},
	year = {1990},
	title = {Threshold externalities in economic development},
	keywords = {Externer Effekt;Wachstumstheorie;Entwicklungstheorie;Theorie},
	number = {421, S. 501-526},
	journal = {The quarterly journal of economics}
}


@article{Backus.,
	author = {Backus, David K. and Kehoe, Patrick J. and Kehoe, Timothy Jerome},
	year = {1992},
	title = {In search of scale effects in trade and growth},
	keywords = {Endogenes Wachstumsmodell;Au{\ss}enwirtschaftstheorie;Skalenertrag;Humankapital;Au{\ss}enhandel mit Industrieg{\"u}tern;Theorie},
	volume = {58},
	journal = {Journal of economic theory}
}


@book{Baek.2010,
	author = {Baek, I. R.},
	year = {2010},
	title = {Restrukturierung der Sozialen Sicherungssysteme in den Postfordistischen Gesellschaftsformationen: Eine vergleichende Analyse von Gro{\ss}britannien, Schweden und Deutschland},
	url = {https://books.google.de/books?id=H69dvZs\textunderscore jmMC},
	publisher = {VS Verlag f{\"u}r Sozialwissenschaften},
	isbn = {9783531172071}
}


@article{Balassa.1963,
	author = {Balassa, Bela A.},
	year = {1963},
	title = {An empirical demonstration of classical comparative cost theory},
	pages = {231--238},
	volume = {45},
	number = {3},
	journal = {The review of economics and statistics}
}


@book{Balassa.1967,
	author = {Balassa, Bela},
	year = {1967},
	title = {Trade liberalization among industrial countries: Objectives and alternatives},
	keywords = {Au{\ss}enhandelspolitik;Industriestaaten;Commercial policy;International economic relations;International economic integration;Aussenwirtschaftsliberalisierung;Aussenwirtschaftspolitik;Atlantischer Raum;Handel / Liberalisierung},
	address = {New York, NY},
	edition = {1. ed},
	publisher = {McGraw-Hill},
	series = {The Atlantic policy studies}
}


@article{Barro.1990,
	author = {Barro, Robert Joseph and Sala-i-Martin, Xavier X.},
	year = {1990},
	title = {Economic Growth and Convergence across the United States},
	volume = {3419},
	journal = {nber working paper series}
}


@article{Barro.1991,
	author = {Barro, Robert J. and Sala-i-Martin, Xavier and Blanchard, Olivier Jean and Hall, Robert E.},
	year = {1991},
	title = {Convergence across states and regions},
	pages = {107--182},
	number = {1},
	journal = {Brookings Papers on Economic Activity}
}


@article{Barro.1992,
	author = {Barro, Robert J. and Sala-i-Martin, Xavier X.},
	year = {1992},
	title = {Convergence},
	keywords = {Regionales Wachstum;Wirtschaftswachstum;USA},
	journal = {The journal of political economy}
}


@article{Barro.1997,
	author = {Barro, Robert Joseph and Sala-i-Martin, Xavier X.},
	year = {1997},
	title = {Technological diffusion, convergence, and growth},
	keywords = {Neue Wachstumstheorie;Wachstumstheorie;Neoklassik;Entwicklungskonvergenz;Innovationsdiffusion;Technischer Fortschritt;Theorie},
	pages = {1--26},
	volume = {2},
	number = {1},
	journal = {Journal of economic growth}
}


@article{Barro.2001,
	author = {Barro, Robert J. and Lee, Jong-Wha},
	year = {2001},
	title = {International data on educational attainment: Updates and implications},
	keywords = {Bildungsniveau;Humankapital;Vergleich;Sch{\"a}tzung;Welt;luenpub},
	pages = {541--563},
	volume = {53},
	number = {3},
	journal = {Oxford economic papers}
}


@book{Barro.2004,
	author = {Barro, Robert J. and Sala-i-Martin, Xavier},
	year = {2004},
	title = {Economic growth},
	keywords = {Wachstumstheorie;Wirtschaftswachstum;Mathematisches Modell;Endogenes Wachstumsmodell;Theorie;Economic development;Mathematical models;Wirtschaftstheorie;Neoklassik;Neue Wachstumstheorie;Volkswirtschaftslehre / Wachstumstheorie;Wachstumspolitik;Arbeitsmarkt;Modell;Technischer Fortschritt;Humankapital;Offene Volkswirtschaft},
	address = {Cambridge, Mass.},
	edition = {2. ed},
	publisher = {MIT Press},
	isbn = {9780262025539}
}


@book{Beck.2008,
	author = {Beck, B.},
	year = {2008},
	title = {Volkswirtschaft verstehen},
	url = {https://books.google.de/books?id=ZX2P5h7C7cUC},
	publisher = {vdf, Hochsch.-Verlag an der ETH},
	isbn = {9783728132079}
}


@book{Becker.1964,
	author = {Becker, Gary Stanley},
	year = {1964},
	title = {Human capital: A theoretical and empirical analysis, with special reference to education},
	keywords = {Education;Economic aspects;Vocational guidance;Human capital;Humankapital;Vereinigte Staaten;Kapital Humankapital},
	address = {New York, NY},
	volume = {80},
	publisher = {National Bureau of Economic Research},
	series = {General series / National Bureau of Economic Research}
}


@article{Becker.1965,
	author = {Becker, Gary S.},
	year = {1965},
	title = {A theory of the allocation of time},
	keywords = {luenpub},
	pages = {493--517},
	volume = {75 (1965)},
	journal = {The economic journal : the journal of the Royal Economic Society}
}


@article{Benabou.1996,
	author = {B{\'e}nabou, Roland},
	year = {1996},
	title = {Inequality and growth},
	volume = {5658}
}


@article{BenDavid.1993,
	author = {Ben-David, Dan},
	year = {1993},
	title = {Equalizing exchange: Trade liberalization and income convergence},
	keywords = {Handelsliberalisierung;Einkommensverteilung;EU-Staaten;EFTA-Staaten;OECD-Staaten;Freihandelszone;USA;Kanada},
	number = {434, S. 653-679},
	journal = {The quarterly journal of economics}
}


@article{Benhabib.,
	author = {Benhabib, Jess J. and Perli, Roberto},
	title = {Uniqueness and indeterminacy: On the dynamics of endogenous growth},
	keywords = {Endogenes Wachstumsmodell;Gleichgewichtstheorie;Theorie},
	volume = {63},
	journal = {Journal of economic theory}
}


@article{Benhabib.1994,
	author = {Benhabib, Jess J. and Spiegel, Mark M.},
	year = {1994},
	title = {The role of human capital in economic development: Evidence from aggregate cross-country data},
	keywords = {Humankapital;Wirtschaftswachstum;Welt;Endogenes Wachstumsmodell},
	volume = {34},
	number = {2, S. 143-173},
	journal = {Journal of monetary economics}
}


@article{BenPorath.1967,
	author = {Ben-Porath, Yoram},
	year = {1967},
	title = {The production of human capital and the life cycle of earnings},
	pages = {352--365},
	volume = {75},
	number = {4/1},
	journal = {The journal of political economy}
}


@article{Bernanke.2001,
	author = {Bernanke, Ben S. and G{\"u}rkaynak, Refet S.},
	year = {2001},
	title = {Is growth exogenous? Taking Mankiw, Romer, and Weil seriously},
	keywords = {Endogenes Wachstumsmodell;Theorie;Makro{\"o}konomie;Zeitschrift},
	pages = {11--57},
	volume = {16},
	journal = {NBER macroeconomics annual}
}


@article{Bernard.2003,
	author = {Bernard, Andrew B. and Eaton, Jonathan and Jensen, J. Bradford and Kortum, Samuel},
	year = {2003},
	title = {Plants and productivity in international trade},
	keywords = {Produktivit{\"a}t;Au{\ss}enhandelssektor;Au{\ss}enwirtschaftstheorie;Komparativer Vorteil;Unvollkommener Wettbewerb;Theorie;USA;Wirtschaft : Allgemeines},
	pages = {1268--1290},
	volume = {93},
	number = {4},
	journal = {The American economic review}
}


@article{Bernard.2004,
	author = {Bernard, Andrew B. and Jensen, J. Bradford},
	year = {2004},
	title = {Why some firms export},
	keywords = {Export;Entscheidung;Sch{\"a}tzung;Theorie;USA},
	pages = {561--569},
	volume = {86},
	number = {2},
	journal = {The review of economics and statistics}
}


@article{Bernard.2007,
	abstract = {Despite the fact that importing and exporting are extremely rare firm activities, economists generally devote little attention to the role of firms when discussing international trade. This paper summarizes key differences between trading and non-trading firms, demonstrates how these differences present a challenge to standard trade models and shows how recent {\dq}heterogeneous-firm{\dq} models of international trade address these challenges. We then make use of transaction-level U.S. trade data to introduce a number of new stylized facts about firms and trade. These facts reveal that the extensive margins of trade -- that is, the number of products firms trade as well as the number of countries with which they trade -- are central to understanding the well-known role of distance in dampening aggregate trade flows.},
	author = {Bernard, Andrew B. and Jensen, J. Bradford and Redding, Stephen J. and Schott, Peter K.},
	year = {2007},
	title = {Firms in international trade},
	keywords = {Internationale Wirtschaft;Export;Import;Unternehmen;USA;Au{\ss}enwirtschaft;Vereinigte Staaten},
	volume = {13054},
	journal = {nber working paper series}
}


@misc{Bibi.,
	author = {Bibi}
}


@article{BirgtiKirschbaum.,
	abstract = {This paper analyses the influence of an export supporting policy on the technical progress of a country. The model is closely related to the model by Acemoglu et al. (2006) which constitutes the context between growth and distance to frontier but modified considering import and export sector of a small economy. An export supporting strategy is introduced which increases the project size in the export sector. It shows that the project size is an influencing factor for the outcome and the growth of the technological knowledge. An economy benefits from trade in every stage of development. It turns out, that the export support is a strong incentive to develop innovations, which inducts the growth.},
	author = {{Birgti~Kirschbaum}},
	title = {Export Supporting Strategy, Distance to Frontier and Economic Growth}
}


@book{Blanchard.1989,
	author = {Blanchard, Olivier Jean and Fischer, Stanley},
	year = {1989},
	title = {Lectures on macroeconomics},
	address = {Cambridge, Mass.},
	publisher = {MIT Press},
	isbn = {9780262022835}
}


@article{Bloom.2011,
	author = {Bloom, Nicholas and Draca, Mirko and {van~Reenen}, John},
	year = {2011},
	title = {Trade induced technical change? The impact of Chinese imports of innovation, it and productivity},
	keywords = {Internationale Wirtschaft;Import;Wettbewerb;Au{\ss}enhandelspreis;Innovationsmanagement;Patent;IKT-Sektor;Produktivit{\"a}t;China;EU-Staaten},
	journal = {nber working paper series}
}


@book{Bofinger.2015,
	author = {Bofinger, Peter},
	year = {2015},
	title = {Grundz{\"u}ge der Volkswirtschaftslehre: Eine Einf{\"u}hrung in die Wissenschaft von M{\"a}rkten},
	price = {EUR 39.95 (DE)},
	keywords = {Wirtschaftswissenschaft;Mikro{\"o}konomik;Makro{\"o}konomik;Finanzsystem;Theorie;Volkswirtschaftslehre;Lehrbuch;Einf{\"u}hrung},
	address = {Hallbergmoos},
	edition = {4., aktualisierte Aufl},
	publisher = {Pearson},
	isbn = {9783863267513},
	series = {Always Learning}
}


@article{Bond.,
	author = {Bond, Eric and Kazumichi, Iwasa and Kazuo, Nishimura},
	year = {2012},
	title = {The dynamic Heckscher - Ohlin model: A diagrammatic analysis},
	url = {http://www.rieti.go.jp/jp/publications/dp/12e008.pdf},
	keywords = {Steady-State-{\"O}konomie;Faktorproportionentheorem;Zwei-L{\"a}nder-Modell;Theorie;Rybczynski-Theorem},
	number = {12},
	journal = {RIETI Discussion Paper Series}
}


@article{Bond.2003,
	author = {Bond, Eric W. and Trask, Kathleen and Wang, Ping},
	year = {2003},
	title = {Factor accumulation and trade: Dynamic comparative advantage with endogenous physical and human capital},
	keywords = {Endogenes Wachstumsmodell;Bildungsinvestition;Zwei-L{\"a}nder-Modell;Faktorproportionentheorem;Theorie},
	pages = {1041--1060},
	volume = {44},
	number = {3},
	journal = {International economic review}
}


@article{Caselli.1996,
	author = {Caselli, Francesco and Esquivel, Gerardo and Lefort, Fernando},
	year = {1996},
	title = {Reopening the convergence debate: A new look at cross-country growth empirics},
	keywords = {Wirtschaftliche Konvergenz;Wirtschaftswachstum;Sch{\"a}tztheorie;Wachstumstheorie;Theorie},
	journal = {Journal of economic growth}
}


@book{Ceruzzi.2003,
	author = {Ceruzzi, Paul E.},
	year = {2003},
	title = {A history of modern computing},
	url = {http://www.e-streams.com/es0702/es0702\textunderscore 3009.html},
	price = {alk. paper},
	keywords = {Datenverarbeitung;Computer;Computers;History;Electronic data processing;Geschichte;1945-1995;USA;Computerindustrie},
	address = {Cambridge, Mass.},
	edition = {2. ed},
	publisher = {MIT Press},
	isbn = {9780262532037},
	series = {History of computing}
}


@article{Chamley.1993,
	author = {Chamley, Christophe},
	year = {1993},
	title = {Externalities and dynamics in models of {\dq}learning or doing{\dq}},
	keywords = {Endogenes Wachstumsmodell;Allgemeines Gleichgewicht;Humankapital;Externer Effekt;Theorie},
	journal = {International economic review}
}


@book{Chiang.2000,
	author = {Chiang, Alpha C.},
	year = {2000},
	title = {Elements of dynamic optimization},
	keywords = {Dynamische Optimierung;Economics, Mathematical;Mathematical optimization;Operations Research;Mathematik;Wirtschaftstheorie;Lehrmaterial;Mathematische Optimierung;Optimierung},
	address = {Long Grove, Ill.},
	edition = {Reissued},
	publisher = {Waveland Press},
	isbn = {9781577660965}
}


@book{Chiang.2011,
	author = {Chiang, Alpha C. and Wainwright, Kevin and Nitsch, Harald and Chiang-Wainwright-Nitsch},
	year = {2011},
	title = {Mathematik f{\"u}r {\"O}konomen: Grundlagen, Methoden und Anwendungen},
	price = {EUR 44.80, ca. sfr 75.90 (freier Pr.)},
	keywords = {Wirtschaftsmathematik;Finanzmathematik;Mathematische Optimierung;Dynamische Optimierung;Theorie;Lehrbuch;Business mathematics;Mathematics;Mathematics, economical;Mathematik;Wirtschaftswissenschaften},
	address = {M{\"u}nchen},
	publisher = {Vahlen},
	isbn = {9783800636631}
}


@article{Ciccone.Apr,
	author = {Ciccone, Antonio and Peri, Giovanni},
	year = {2006},
	title = {Identifying human-capital externalities: Theory with applications},
	keywords = {Humankapital;Externer Effekt;Substitutionseffekt;Stadt;Theorie;USA},
	pages = {381--412},
	number = {73},
	journal = {The review of economic studies}
}


@article{Coe.1995,
	author = {Coe, David T. and Helpman, Elhanan},
	year = {1995},
	title = {International R{\&}D spillovers},
	keywords = {Industrieforschung;Forschung;Technologietransfer;Produktivit{\"a}t;Endogenes Wachstumsmodell;Theorie;Welt;Europ{\"a}ische Integration;Europ{\"a}ische Wirtschaft;Europ{\"a}ische W{\"a}hrungsunion;EU-Staaten},
	journal = {European economic review : EER}
}


@article{Cohen.1989,
	author = {Cohen, Wesley M. and Levinthal, Daniel A.},
	year = {1989},
	title = {Innovation and learning: The two faces of R{\&}D},
	keywords = {Forschung;Industrieforschung;Theorie;luenpub},
	number = {397, S. 569-596},
	journal = {The economic journal : the journal of the Royal Economic Society}
}


@article{Collier.1999,
	author = {Collier, Paul and Gunning, Jan Willem},
	year = {1999},
	title = {Explaining African economic performance},
	keywords = {Volkswirtschaft;Wirtschaftswachstum;Afrika;luenpub;Wirtschaft : Allgemeines},
	pages = {64--111},
	volume = {37},
	number = {1},
	journal = {Journal of economic literature}
}


@article{Corden.1971b,
	author = {Corden, Warner Max},
	year = {1971b},
	title = {The effects of trade on the rate of growth},
	pages = {117--143},
	journal = {Trade, balance of payments and growth : papers in international economics in honor of Charles P. Kindleberger}
}


@book{Corden.1971c,
	author = {Corden, Warner M.},
	year = {1971},
	title = {The theory of protection},
	keywords = {Protektionismus;Protectionism;Aussenwirtschaftstheorie;Aussenwirtschaftsprotektionismus},
	address = {Oxford},
	publisher = {Clarendon Press},
	isbn = {0198281714}
}


@book{Corden.1974,
	author = {Corden, Warner M.},
	year = {1974},
	title = {Trade policy and economic welfare},
	price = {{\pounds}8.25},
	keywords = {Handelspolitik;Wohlfahrtstheorie;Free trade;Protectionism;Commercial policy;Industrial policy;Aussenwirtschaftspolitik;Aussenwirtschaftsprotektionismus},
	address = {Oxford},
	publisher = {Clarendon Press},
	isbn = {0198284012}
}


@book{Cunat.2001,
	author = {Cu{\~n}at, Alejandro and Maffezzoli, Marco},
	year = {2001},
	title = {Growth and interdependence under complete specialization},
	keywords = {Faktorproportionentheorem;Faktorpreisausgleich;Internationale Arbeitsteilung;Wachstumstheorie;Theorie},
	address = {Milano},
	volume = {183},
	series = {Working paper series / Innocenzo Gasparini Institute for Economic Research}
}


@article{Davidson.1998,
	author = {Davidson, Carl and Segerstrom, Paul S.},
	year = {1998},
	title = {R{\&}D subsidies and economic growth},
	keywords = {Forschungsfinanzierung;Wirtschaftswachstum;Theorie},
	pages = {548--577},
	volume = {29},
	number = {3},
	journal = {The Rand journal of economics}
}


@article{Davis.1995,
	author = {Davis, Donald Ray and Weinstein, David E. and Bradford, Scott R. and Shimpo, Kazushige},
	year = {1995},
	title = {Interregional and international trade: Woody Allen was right!},
	keywords = {24;34;60},
	volume = {1726}
}


@article{Davis.1995b,
	author = {Davis, Donald Ray},
	year = {1995},
	title = {Intra-industry trade: A Heckscher-Ohlin-Ricardo approach},
	keywords = {Intraindustrieller Handel;Au{\ss}enwirtschaftstheorie;Internationaler Wettbewerb;Technologie;Theorie;luenpub},
	pages = {201--226},
	volume = {39},
	number = {3/4},
	journal = {Journal of international economics}
}


@article{Davis.2001,
	author = {Davis, Donald R. and Weinstein, David E.},
	year = {2001},
	title = {An Account of Global Factor Trade},
	keywords = {Faktorproportionentheorem;Internationale Faktormobilit{\"a}t;Theorie;OECD-Staaten},
	pages = {1423--1453},
	number = {5},
	journal = {American Economic Review}
}


@article{Deardorff.1984,
	author = {Deardorff, Alan V.},
	year = {1984},
	title = {Testing trade theories and predicting trade flows},
	keywords = {Au{\ss}enwirtschaftstheorie;Sch{\"a}tztheorie;Prognoseverfahren;Theorie},
	pages = {467--517},
	volume = {1 (1984)},
	journal = {Handbook of international economics}
}


@article{Devereux.1994,
	author = {Devereux, Michael B. and Lapham, Beverly J.},
	year = {1994},
	title = {The stability of economic integration and endogenous growth},
	pages = {299--305},
	number = {59},
	journal = {Quarterly Journal of Economics}
}


@phdthesis{Dillenseger.2013,
	author = {Dillenseger, Valentina},
	year = {2013},
	title = {Technologietransfer durch Migranten aus Entwicklungsl{\"a}ndern},
	price = {Pb. : EUR 38.50 (DE)},
	keywords = {Internationale Migration;Braindrain;Technologietransfer;Wachstumstheorie;Technology transfer;Foreign workers;Internationale Wanderung;Brain Drain;Neue Wachstumstheorie;Entwicklungsl{\"a}nder;Industriel{\"a}nder;Industriestaaten;Developed countries;Emigration and immigration;Developing countries},
	address = {Berlin and Bochum},
	school = {Univ}
}


@article{Dinopoulos.,
	author = {Dinopoulos, Elias and Oehmke, James F. and Segerstrom, Paul S.},
	year = {1991},
	title = {High-technology-industry trade and investment: The role of factor endowments},
	keywords = {Hochtechnologie;Internationale Wirtschaft;Investition;Theorie;luenpub},
	volume = {34},
	number = {1/2, S. 49-71},
	journal = {Journal of international economics}
}


@article{Dixit.1977,
	author = {Dixit, Avinash K. and Stiglitz, Joseph E.},
	year = {1977},
	title = {Monopolistic competition and optimum product diversity},
	pages = {297--308},
	volume = {67},
	number = {3},
	journal = {The American economic review}
}


@book{Dixit.1980,
	author = {Dixit, Avinash K. and Norman, Victor D.},
	year = {1980},
	title = {Theory of international trade},
	address = {Welwyn},
	publisher = {Nisbet usw},
	isbn = {0521234816},
	series = {(The Cambridge economic handbooks)}
}


@article{Docquier.Sept,
	author = {Docquier, Fr{\'e}d{\'e}ric and Rapoport, Hillel},
	year = {2012},
	title = {Globalization, brain drain, and development},
	keywords = {Brain Drain;Globalisierung;Humankapital;Netzwerk{\"o}konomik;Wirtschaftswachstum;Indien;USA;Europa;luenpub;Wirtschaft : Allgemeines},
	pages = {681--730},
	volume = {50},
	number = {3},
	journal = {Journal of economic literature}
}


@article{Dollar.1992,
	author = {Dollar, David Richard},
	year = {1992},
	title = {Outward-oriented developing economies really do grow more rapidly: Evidence from 95 LDCs, 1976 - 1985},
	keywords = {Wirtschaftswachstum;Offene Volkswirtschaft;Entwicklungsl{\"a}nder},
	journal = {Economic development and cultural change}
}


@article{Domar.1946,
	author = {Domar, Evsey D.},
	year = {1946},
	title = {Capital Expansion, Rate of Growth, and Employment},
	pages = {137},
	volume = {14},
	number = {2},
	issn = {00129682},
	journal = {Econometrica},
	doi = {10.2307/1905364}
}


@article{Dornbusch.1977,
	author = {Dornbusch, R. and Fischer, S. and Samuelson, P. A.},
	year = {1977},
	title = {Comparative advantage, trade, and payments in a Ricardian model with a continuum of goods},
	pages = {823--839},
	volume = {67},
	number = {5},
	journal = {The American economic review}
}


@article{Dosi.1988,
	author = {Dosi, Giovanni},
	year = {1988},
	title = {Sources, procedures, and microeconomic effects of innovation},
	keywords = {Innovation;Industrieforschung;USA;luenpub},
	journal = {Journal of economic literature}
}


@book{Dosi.1993,
	author = {Dosi, Giovanni and Pavitt, Keith and Soete, Luc},
	year = {1993},
	title = {The economics of technical change and international trade},
	keywords = {21030;Economics;s0030;implications;of;for;31030;technological change;Economics. Implications of technological change},
	address = {New York u.a},
	edition = {3. print},
	publisher = {Harvester Wheatsheaf},
	isbn = {0745000320}
}


@article{Duflo.2004,
	author = {Duflo, Esther},
	year = {2004},
	title = {The medium run effects of educational expansion: Evidence from a large school construction program in Indonesia},
	keywords = {Bildungsinvestition;Schule;Bildungsfinanzierung;Indonesien},
	pages = {163--197},
	volume = {74},
	number = {1},
	journal = {Journal of development economics}
}


@article{Durlauf.1995,
	author = {Durlauf, Steven N. and Johnson, Paul A.},
	year = {1995},
	title = {Multiple regimes and cross-country growth behaviour},
	keywords = {Wirtschaftswachstum;Wirtschaftliche Konvergenz;Welt;Wachstumstheorie;Theorie},
	journal = {Journal of applied econometrics}
}


@article{Eaton.2001,
	author = {Eaton, Jonathan and Kortum, Samuel},
	year = {2001},
	title = {Technology, trade, and growth: A unified framework},
	keywords = {Exportinduziertes Wachstum;Innovationsdiffusion;Industrieforschung;Technologietransfer;Theorie;Europ{\"a}ische Integration;Europ{\"a}ische Wirtschaft;Europ{\"a}ische W{\"a}hrungsunion;EU-Staaten},
	pages = {742--755},
	volume = {45},
	number = {4/6},
	journal = {European economic review : EER}
}


@article{Edgeworth.1894,
	author = {Edgeworth, F. Y.},
	year = {1894},
	title = {The theory of international values},
	pages = {606--638},
	volume = {4},
	number = {16},
	journal = {The economic journal : the journal of the Royal Economic Society}
}


@article{Edwards.1993,
	author = {Edwards, Sebastian},
	year = {1993},
	title = {Openness, trade liberalization, and growth in developing countries},
	keywords = {Exportinduziertes Wachstum;Handelsliberalisierung;Entwicklungsl{\"a}nder;luenpub},
	journal = {Journal of economic literature}
}


@book{Engelhard.2004,
	author = {Engelhard, Karl},
	year = {2004},
	title = {S{\"u}dkorea: Vom Entwicklungsland zum Industriestaat},
	price = {EUR 29.80},
	keywords = {Strukturwandel;Wirtschaftsentwicklung;S{\"u}dkorea;Geschichte;Korea (South);Economic conditions;1960-1988;Economic policy},
	address = {M{\"u}nster},
	volume = {7},
	publisher = {Waxmann},
	isbn = {3830914040},
	series = {Schriften der Arbeitsstelle Eine-Welt-Initiative}
}


@article{Epifani.2006,
	author = {Epifani, Paolo and Gancia, Gino},
	year = {2006},
	title = {The skill bias of world trade},
	keywords = {Einkommensverteilung;Internationale Wirtschaft;Intraindustrieller Handel;Substitutionselastizit{\"a}t;Hochqualifizierte Arbeitskr{\"a}fte;Sch{\"a}tzung;Welt;luenpub},
	journal = {The economic journal : the journal of the Royal Economic Society}
}


@article{Ethier.1982,
	author = {Ethier, Wilfred J.},
	year = {1982},
	title = {National and international returns to scale in the modern theory of international trade},
	pages = {389--405},
	volume = {72},
	number = {3},
	journal = {The American economic review}
}


@article{Evans.1996,
	author = {Evans, Paul D.},
	year = {1996},
	title = {Using cross-country variances to evaluate growth theories},
	keywords = {Wachstumstheorie;Endogenes Wachstumsmodell;Theorie;Sch{\"a}tzung;Welt},
	journal = {Journal of economic dynamics {\&} control}
}


@incollection{Evenson.1995,
	author = {Evenson, Robert Edward and Westphal, Larry E.},
	title = {Technological change and technology strategy},
	keywords = {Technischer Fortschritt;Technologiepolitik;Wachstumstheorie;Theorie;Entwicklungsl{\"a}nder},
	pages = {2209--2299},
	volume = {3A (1995)},
	publisher = {North-Holland},
	isbn = {0444529446},
	series = {Handbooks in economics},
	editor = {Rodrik, D. and Rosenzweig, M.R},
	booktitle = {Handbook of development economics},
	year = {1995},
	address = {Amsterdam [etc.]}
}


@article{Fajgelbaum.2011,
	author = {Fajgelbaum, Pablo and Grossman, Gene M. and Helpman, Elhanan},
	year = {2011},
	title = {Income distribution, product quality, and international trade},
	keywords = {Internationale Wirtschaft;Internationale Handelspolitik;Produktqualit{\"a}t;Produktdifferenzierung;Einkommensverteilung;Transportkosten;Wohlfahrtsanalyse;Theorie},
	pages = {721--765},
	volume = {119},
	number = {4},
	journal = {Journal of political economy}
}


@article{FarmerRogerE.A..2005,
	author = {{Farmer,~Roger~E.~A.} and Lahiri, Amartya},
	year = {2005},
	title = {A two-country model of endogenous growth},
	keywords = {Endogenes Wachstumsmodell;Zwei-L{\"a}nder-Modell;Offene Volkswirtschaft;Theorie},
	pages = {68--88},
	volume = {8},
	number = {1},
	journal = {Review of economic dynamics}
}


@article{Feenstra.,
	author = {Feenstra, Robert C.},
	year = {1990},
	title = {Trade and uneven growth},
	keywords = {Endogenes Wachstumsmodell;Wirtschaftliche Konvergenz;Innovationsdiffusion;Multinationales Unternehmen;Technologietransfer;Theorie},
	volume = {49},
	number = {1, S. 229-256},
	journal = {Journal of development economics}
}


@article{Findlay.1978,
	author = {Findlay, Ronald},
	year = {1978},
	title = {Relative backwardness, direct foreign investment, and the transfer of technology: A simple dynamic model},
	pages = {1--16},
	volume = {92},
	number = {1},
	journal = {The quarterly journal of economics}
}


@article{Findlay.1984,
	author = {Findlay, Ronald},
	year = {1984},
	title = {Growth and development in trade models},
	keywords = {Au{\ss}enwirtschaftstheorie;Wirtschaftswachstum;Entwicklung;Theorie},
	pages = {185--236},
	volume = {1 (1984)},
	journal = {Handbook of international economics}
}


@book{Fischer.1972,
	author = {Fischer, W.},
	year = {1972},
	title = {Wirtschaft und Gesellschaft im Zeitalter der Industrialisierung: Aufs{\"a}tze -- Studien -- Vortr{\"a}ge},
	url = {https://books.google.de/books?id=TnpnwP4Lt9sC},
	publisher = {Vandenhoeck {\&} Ruprecht},
	isbn = {9783647359519}
}


@book{Fisher.1930,
	author = {Fisher, Irving},
	year = {1930},
	title = {The theory of interest: As determined by impatience to spend income and opportunity to invest it},
	keywords = {Interest;Economics, Mathematical;Zins;Investition;Theorie;Modell;Preistheorie;Geldtheorie;Kapital},
	address = {New York},
	publisher = {MacMillan}
}


@book{Flassbeck.2010,
	author = {Flassbeck, Heiner},
	year = {2010},
	title = {Die Marktwirtschaft des 21. Jahrhunderts},
	keywords = {Finanzmarktkrise;Kritik;Marktwirtschaft;Nachhaltige Entwicklung;Reform;Soziale Marktwirtschaft;Wirtschaftsdemokratie;Wirtschaftskrise;Wirtschaftsliberalismus;Wirtschaftspolitik},
	address = {Frankfurt/Main},
	publisher = {Westend Verl.},
	isbn = {3938060549}
}


@article{Foster.1995,
	author = {Foster, Andrew Dudley and Rosenzweig, Mark Richard},
	year = {1995},
	title = {Learning by doing and learning from others: Human capital and technical change in agriculture},
	keywords = {Lernprozess;Gr{\"u}ne Revolution;Agrartechnik;Theorie;Sch{\"a}tzung;Indien},
	journal = {The journal of political economy}
}


@book{Franke.2013,
	author = {Franke, W. and Staiger, B.},
	year = {2013},
	title = {China: Gesellschaft --- Politik --- Staat --- Wirtschaft},
	url = {https://books.google.de/books?id=F1HPBgAAQBAJ},
	publisher = {VS Verlag f{\"u}r Sozialwissenschaften},
	isbn = {9783322837677}
}


@article{Frankel.1999,
	author = {Frankel, Jeffrey A. and Romer, David},
	year = {1999},
	title = {Does trade cause growth?},
	keywords = {Au{\ss}enhandel;Nationaleinkommen;Wirtschaftswachstum;Theorie;Sch{\"a}tzung;Welt;Wirtschaft : Allgemeines},
	pages = {379--399},
	volume = {89},
	number = {3},
	journal = {The American economic review}
}


@book{Freeman.1982,
	author = {Freeman, Christopher},
	year = {1982},
	title = {The economics of industrial innovation},
	url = {https://books.google.de/books?hl=de\&lr=\&id=5AJ7IIHCJNAC\&oi=fnd\&pg=PP2\&dq=freeman+the+economics\&ots=\textunderscore k9VLDupNE\&sig=jMm7EIDa38nK6Qy8vz8aeLgg9fA\#v=onepage\&q=freeman\%20the\%20economics\&f=false},
	keywords = {Technological innovations;Economic aspects;Innovation;Betrieb},
	address = {Cambridge, Mass.},
	edition = {2. ed},
	publisher = {MIT Pr},
	isbn = {0262060833}
}


@book{Frenkel.1999,
	abstract = {enth.},
	author = {Frenkel, Michael R. and Hemmer, Hans-Rimbert},
	year = {1999},
	title = {Grundlagen der Wachstumstheorie},
	url = {http://www.gbv.de/dms/faz-rez/FD21999051772574.pdf},
	price = {ca. DM 58.00, ca. sfr 52.50, ca. S 423.00},
	keywords = {Wachstumstheorie;Endogenes Wachstumsmodell;Theorie;Deutschland;Lehrbuch;Wachstum;Wachstumstheorie / Lehrbuch;Neoklassische Wachstumstheorie;Endogene Wachstumstheorie},
	address = {M{\"u}nchen},
	publisher = {Vahlen},
	isbn = {380062396X},
	series = {Vahlens Handb{\"u}cher der Wirtschafts- und Sozialwissenschaften}
}


@book{Fuente.2008,
	author = {Fuente, Angel de},
	year = {2008},
	title = {Mathematical methods and models for economists},
	keywords = {Wirtschaftsmathematik;Wirtschaftswissenschaften;Mathematisches Modell;Statistik;Finanzmathematik;Theorie;Lehrbuch;Economics;Statistical methods;Mathematical models},
	address = {Cambridge},
	edition = {11. print},
	publisher = {Cambridge Univ. Press},
	isbn = {9780521585125}
}


@article{Funke.2000,
	author = {Funke, Michael and Strulik, Holger},
	year = {2000},
	title = {On endogenous growth with physical capital, human capital and product variety},
	keywords = {Endogenes Wachstumsmodell;Humankapital;Theorie;Europ{\"a}ische Integration;Europ{\"a}ische Wirtschaft;Europ{\"a}ische W{\"a}hrungsunion;EU-Staaten},
	pages = {491--515},
	volume = {44},
	number = {3},
	issn = {00142921},
	journal = {European Economic Review}
}


@article{Galor.1997,
	author = {Galor, Oded and Tsiddon, Daniel},
	year = {1997},
	title = {Technological progress, mobility, and economic growth},
	keywords = {Technischer Fortschritt;Einkommensverteilung;Overlapping Generations;Neue Wachstumstheorie;Theorie;Wirtschaft : Allgemeines},
	journal = {The American economic review}
}


@article{Galor.2000,
	author = {Galor, Oded and Weil, David N.},
	year = {2000},
	title = {Population, technology, and growth: From Malthusian stagnation to the demographic transition and beyond},
	keywords = {Wachstumstheorie;Lebensstandard;Technischer Fortschritt;Bev{\"o}lkerungsentwicklung;Fertilit{\"a}t;Familien{\"o}konomik;Theorie;Wirtschaft : Allgemeines},
	pages = {806--828},
	volume = {90},
	number = {4},
	journal = {The American economic review}
}


@incollection{Galor.2005,
	author = {Galor, Oded},
	title = {From Stagnation to Growth: Unified Growth Theory},
	publisher = {Elsevier},
	isbn = {978-0-444-52043-2},
	booktitle = {Handbook of economic growth},
	year = {2005},
	address = {Amsterdam [u.a.]}
}


@article{Galor.2006,
	author = {Galor, Oded and Mountford, Andrew},
	year = {2006},
	title = {Trade and the great divergence: The family connection},
	keywords = {Internationale Wirtschaft;Industrialisierung;Humankapital;Overlapping Generations;Theorie;Demographischer {\"U}bergang;Wirtschaft : Allgemeines},
	pages = {299--303},
	volume = {96},
	number = {2},
	journal = {The American economic review}
}


@article{Galor.2008,
	author = {Galor, Oded and Mountford, Andrew},
	year = {2008},
	title = {Trading population for productivity: Theory and evidence},
	keywords = {Internationale Wirtschaft;Industrialisierung;Internationale Arbeitsteilung;Humankapital;Technischer Fortschritt;Welt;Demographischer {\"U}bergang},
	pages = {1143--1179},
	volume = {75},
	number = {4},
	journal = {The review of economic studies}
}


@book{Galor.2011,
	author = {Galor, Oded},
	year = {2011},
	title = {Unified growth theory},
	price = {alk. paper},
	keywords = {Economic development;Technological innovations;Economic aspects;Wachstumstheorie;Wohlfahrtstheorie;Konjunkturtheorie;Dogmengeschichte;Theorie},
	address = {Princeton, NJ},
	publisher = {Princeton Univ. Press},
	isbn = {9780691130026}
}


@unpublished{Galor.2014,
	author = {Galor, Oded},
	year = {2014},
	title = {Growth and Comparative Development},
	address = {AEA}
}


@book{Gandolfo.1998,
	author = {Gandolfo, Giancarlo},
	year = {1998},
	title = {International trade theory and policy: With 12 tables},
	price = {DM 79.00},
	keywords = {Reale Au{\ss}enwirtschaftstheorie;Au{\ss}enhandelspolitik;Welthandel;Lehrbuch;Handel;Au{\ss}enwirtschaft;Au{\ss}enhandel;Au{\ss}enhandelstheorie;Au{\ss}enwirtschaftstheorie;Au{\ss}enwirtschaftspolitik;Au{\ss}enwirtschaft, Lehrbuch},
	address = {Berlin},
	publisher = {Springer},
	isbn = {3540643168}
}


@book{Gerschenkron.1962,
	author = {Gerschenkron, Alexander},
	year = {1952},
	title = {Economic backwardness in historical perspective},
	keywords = {Industrie;Wirtschaft;Sowjetunion;Bulgarien;Italien;Industries;Soviet Union;Italy;Bulgaria;Economic conditions;Aufsatzsammlung;Geschichte;Pasternak, Boris;Romeo, Rosario;Wirtschaftswachstum;Industrialisierung;Europa Italien Bulgarien;Literaturgattung;Prosa;UdSSR;Wirtschaftsgeschichte;Mittel- und Osteuropa (MOEL);Entwicklung},
	address = {Cambridge and Mass},
	publisher = {Belknap Press of Harvard Univ. Press}
}


@book{Glass.1999,
	author = {Glass, Amy Jocelyn},
	year = {1999},
	title = {Imitation as a stepping stone to innovation},
	keywords = {Imitation;Technological innovations},
	address = {[Columbus, Ohio]},
	volume = {99-11},
	publisher = {Dept. of Economics, Ohio State University},
	series = {Working paper}
}


@article{Glomm.1992,
	author = {Glomm, Gerhard and Ravikumar, B.},
	year = {1992},
	title = {Public versus private investment in human capital: Endogenous growth and income inequality},
	keywords = {Humankapital;Bildungsinvestition;Bildungs{\"o}konomik;Endogenes Wachstumsmodell;Verteilungstheorie;Overlapping Generations;Theorie},
	journal = {The journal of political economy}
}


@article{Golub.2000,
	author = {Golub, Stephen S. and Hsieh, Chang-tai},
	year = {2000},
	title = {Classical Ricardian theory of comparative advantage revisited},
	keywords = {Komparativer Vorteil;Arbeitsproduktivit{\"a}t;Lohnst{\"u}ckkosten;Theorie;Sch{\"a}tzung;USA;Universit{\"a}tsbibliographie},
	pages = {221--234},
	volume = {8},
	number = {2},
	journal = {Review of international economics}
}


@article{Griffith.2004,
	author = {Griffith, Rachel and Redding, Stephen and {van~Reenen}, John},
	year = {2004},
	title = {Mapping the two faces of R{\&}D: Productivity growth in a panel of OECD industries},
	keywords = {Forschung;Produktivit{\"a}t;Wirtschaftliche Konvergenz;Wirtschaftswachstum;Innovation;Humankapital;Theorie;Sch{\"a}tzung;OECD-Staaten},
	pages = {883--895},
	volume = {86},
	number = {4},
	journal = {The review of economics and statistics}
}


@article{Grossman.1981,
	abstract = {Leland, Hayne E.: Comments on Grossman. S. 485-489},
	author = {Grossman, Sanford J. and Leland, Hayne E.},
	year = {1981},
	title = {The informational role of warranties and private disclosure about product quality},
	pages = {461--483},
	volume = {24},
	number = {3},
	journal = {The journal of law {\&} economics}
}


@article{Grossman.1989a,
	author = {Grossman, Gene M. and Helpman, Elhanan},
	year = {1989a},
	title = {Product development and international trade},
	keywords = {Innovation;Au{\ss}enhandel mit Industrieg{\"u}tern;Au{\ss}enwirtschaftstheorie;Endogenes Wachstumsmodell;Theorie},
	journal = {The journal of political economy}
}


@article{Grossman.1990,
	author = {Grossman, Gene M.},
	year = {1990},
	title = {Explaining Japan's innovation and trade: A model of quality competition and dynamic comparative advantage},
	keywords = {Innovation;Au{\ss}enhandel mit Industrieg{\"u}tern;Industrieforschung;Forschungsfinanzierung;Japan},
	journal = {Monetary and economic studies}
}


@article{Grossman.1990b,
	author = {Grossman, Gene M. and Helpman, Elhanan},
	year = {1990b},
	title = {Trade, innovation, and growth},
	keywords = {Au{\ss}enwirtschaftstheorie;Endogenes Wachstumsmodell;Theorie},
	journal = {The American economic review}
}


@article{Grossman.1990c,
	author = {Grossman, Gene M. and Helpman, Elhanan},
	year = {1990c},
	title = {Trade, knowledge spillovers, and growth},
	keywords = {Internationale Wirtschaft;Technologietransfer;Wirtschaftswachstum;Theorie;Europ{\"a}ische Integration;Europ{\"a}ische Wirtschaft;Europ{\"a}ische W{\"a}hrungsunion;EU-Staaten},
	volume = {5},
	journal = {European economic review : EER}
}


@article{Grossman.1990d,
	author = {Grossman, Gene M. and Helpman, Elhanan},
	year = {1990d},
	title = {Comparative advantage and long-run growth},
	keywords = {Exportinduziertes Wachstum;Technischer Fortschritt;Endogenes Wachstumsmodell;Theorie},
	journal = {The American economic review}
}


@article{Grossman.1991a,
	author = {Grossman, Gene M. and Helpman, Elhanan},
	year = {1991a},
	title = {Quality ladders and product cycles},
	keywords = {Technology transfer;Technological innovations;Profit;Quality of products;Product life cycle;Stochastic processes Au{\ss}enhandel mit Industrieg{\"u}tern;Endogenes Wachstumsmodell;Innovation;Produktqualit{\"a}t;Technologietransfer;Theorie},
	pages = {43--61},
	volume = {68},
	journal = {Review of Economic Studies}
}


@book{Grossman.1991b,
	author = {Grossman, Gene M. and Helpman, Elhanan},
	year = {1991b},
	title = {Innovation and growth in the global economy},
	price = {(hc.)},
	keywords = {Weltwirtschaft;Technischer Fortschritt;Wirtschaftswachstum},
	address = {Cambridge Mass. u.a},
	publisher = {The MIT Press},
	isbn = {0-262-57097-1}
}


@article{Grossman.1991c,
	author = {Grossman, Gene M. and Helpman, Elhanan},
	year = {1991},
	title = {Quality ladders in the theory of growth},
	keywords = {Endogenes Wachstumsmodell;Produktqualit{\"a}t;Technischer Fortschritt;Produktgestaltung;Theorie},
	number = {193, S. 43-61},
	journal = {The review of economic studies}
}


@article{Grossman.1995,
	author = {Grossman, Gene M. and Helpman, Elhanan},
	year = {1995},
	title = {Technology and trade},
	keywords = {Technischer Fortschritt;Au{\ss}enwirtschaftstheorie;Theorie},
	pages = {1279--1337},
	volume = {3 (1995)},
	journal = {Handbook of international economics}
}


@article{Grossman1989b.,
	author = {Grossman, Gene M. and Helpman, Elhanan},
	year = {1989b},
	title = {Growth and welfare in a small open economy},
	keywords = {Exportinduziertes Wachstum;Au{\ss}enwirtschaftspolitik;Industriepolitik;Offene Volkswirtschaft;Theorie},
	number = {2970},
	journal = {nber working paper series}
}


@article{Grubel.1967,
	author = {Grubel, Herbert G.},
	year = {1967},
	title = {Intra-industry specialization and the pattern of trade},
	pages = {374--388},
	volume = {33 (1967)},
	journal = {The Canadian journal of economics and political science : the journal of the Canadian Political Science Association}
}


@article{Grubel.1970,
	abstract = {Corden, W. M.: Comment. S. 52-54},
	author = {Grubel, Herbert G. and Corden, W. M.},
	year = {1970},
	title = {The theory of intra-industry trade},
	keywords = {Industrieaussenhandel},
	pages = {35--51},
	journal = {Studies in international economics : Monash conference papers}
}


@article{Gruber.1970,
	author = {Gruber, William H. and Vernon, Raymond},
	year = {1970},
	title = {The technology factor in a world trade matrix},
	keywords = {Industrieaussenhandel;Aussenwirtschaftstheorie;Industrieforschung},
	pages = {233--272},
	journal = {The technology factor in international trade : a conference of the Universities - National Bureau Committee for Economic Research}
}


@article{Guvenen.2012,
	author = {Guvenen, Fatih and Kuru{\c{s}}{\c{c}}u, Burhanettin},
	year = {2012},
	title = {Understanding the evolution of the US wage distribution: A theoretical analysis},
	keywords = {Lohnstruktur;Humankapital;Bildungsverhalten;Technischer Fortschritt;Overlapping Generations;USA},
	pages = {482--517},
	volume = {10},
	number = {3},
	journal = {Journal of the European Economic Association}
}


@article{Ha.2002,
	author = {Ha, J.},
	year = {2002},
	title = {From Factor Accumulation to Innovation: Sustained Economic Growth with Changing Components},
	journal = {Brown University}
}


@article{Hansen.2002,
	author = {Hansen, Gary D. and Prescott, Edward C.},
	year = {2002},
	title = {Malthus to Solow},
	keywords = {Wachstumstheorie;Bev{\"o}lkerungsentwicklung;Wirtschaftsstufentheorie;Technischer Fortschritt;Overlapping Generations;Theorie;Wirtschaftswachstum;USA;Gro{\ss}britannien;Wirtschaft : Allgemeines},
	pages = {1205--1217},
	volume = {92},
	number = {4},
	journal = {The American economic review}
}


@article{Harrod.1939,
	author = {Harrod, Roy Forbes},
	year = {1939},
	title = {An essay in dynamic theory},
	pages = {15--33},
	volume = {49 (1939)},
	journal = {The economic journal : the journal of the Royal Economic Society}
}


@article{Hassler.2000,
	author = {Hassler, John and {Rodríguez,~Mora,~José~V.}},
	year = {2000},
	title = {Intelligence, social mobility, and growth},
	keywords = {Soziale Mobilit{\"a}t;Generationengerechtigkeit;Humanressourcen;Wirtschaftswachstum;Theorie;Wirtschaft : Allgemeines},
	pages = {888--908},
	volume = {90},
	number = {4},
	journal = {The American economic review}
}


@article{Heckman.1998,
	author = {Heckman, James J. and Lochner, Lance and Taber, Christopher R.},
	year = {1998},
	title = {Tax policy and human-capital formation},
	keywords = {Steuerreform;Flat Tax;Bildungsinvestition;Theorie;Wirtschaft : Allgemeines},
	pages = {293--297},
	number = {88},
	journal = {The American economic review}
}


@book{Heckscher.1919,
	author = {Heckscher, Eli F.},
	year = {1919},
	title = {The Effect of foreign trade on the distribution of income},
	keywords = {Au{\ss}enwirtschaftstheorie;Verteilungstheorie;Hecksche-Ohlin-Samuelsen Theorie}
}


@book{Heilbroner.2011,
	author = {Heilbroner, R. L.},
	year = {2011},
	title = {Die Denker der Wirtschaft: Ideen und Konzepte der gro{\ss}en Wirtschaftsphilosophen},
	url = {https://books.google.de/books?id=mehyCwAAQBAJ},
	publisher = {FinanzBuch Verlag},
	isbn = {9783862487981}
}


@book{Helpman.2004,
	author = {Helpman, Elhanan},
	year = {2004},
	title = {The mystery of economic growth},
	url = {http://www.gbv.de/dms/faz-rez/FD220051021395741.pdf},
	keywords = {Wachstumstheorie;Wirtschaftswachstum;Theorie;Welt;Economic development;Saving and investment;Production (Economic theory);Wirtschaft;Wachstum;Entwicklung;Wachtumstheorie;Wirtschaftsforschung / economic research;Wirtschaftsentwicklung / economic development;Wirtschaftswissenschaft / economics;Wirtschaftswachstum / economic growth},
	address = {Cambridge, Mass.},
	publisher = {Belknap Press of Harvard Univ. Press},
	isbn = {067401572X}
}


@book{Helpman.2011,
	author = {Helpman, Elhanan},
	year = {2011},
	title = {Understanding global trade},
	keywords = {International trade;Investments, Foreign;Globalization;Welthandel;Marktstruktur;Reale Au{\ss}enwirtschaftstheorie;Au{\ss}enwirtschaftstheorie;Theorie},
	address = {Cambridge, Mass.},
	publisher = {Belknap Press},
	isbn = {9780674060784}
}


@book{Hesselbein.2000,
	author = {Hesselbein, Gabi},
	year = {2000},
	title = {M{\"a}rkte, Staaten, Welt der Menschen: Wie universal ist Globalisierung?},
	keywords = {Aufsatzsammlung;Entwicklungsl{\"a}nder;Globalisierung;Industriestaaten;Internationale Zusammenarbeit;Internationalisierung;Kapitalismus;Nationalstaat;Nord-S{\"u}d-Beziehungen;Pluralismus;Politischer Konflikt;Schwellenl{\"a}nder;Sozialer Wandel;Staatliche Einflussnahme;Welt;Weltwirtschaft;Weltwirtschaftspolitik;Zukunftsforschung},
	address = {M{\"u}nster [u.a.]},
	volume = {Bd. 1},
	publisher = {Lit},
	isbn = {9783825850692},
	series = {Hamburger Schriften zu Wirtschaft und Politik}
}


@book{Hicks.1932,
	author = {Hicks, John},
	year = {1932},
	title = {The theory of wages},
	address = {London},
	publisher = {MacMillan}
}


@article{Hicks.1968,
	author = {Hicks, John Richard},
	year = {1968},
	title = {The long-run dollar problem},
	pages = {441--454},
	journal = {Readings in international economics : selected by a committee of the American Economic Association}
}


@article{Howitt.2000,
	author = {Howitt, Peter},
	year = {2000},
	title = {Endogenous growth and cross-country income differences},
	keywords = {Endogenes Wachstumsmodell;Technologietransfer;Wirtschaftliche Konvergenz;Theorie;Schumpeterismus;Wirtschaft : Allgemeines},
	pages = {829--846},
	volume = {90},
	number = {4},
	journal = {The American economic review}
}


@article{Howitt.2005,
	author = {Howitt, Peter and Mayer-Foulkes, David},
	year = {2005},
	title = {R{\&}D, implementation, and stagnation: A Schumpeterian theory of convergence clubs},
	keywords = {Wirtschaftliche Konvergenz;Wachstumstheorie;Industrieforschung;Schumpeterismus},
	pages = {147--177},
	volume = {37},
	number = {1},
	journal = {Journal of money, credit and banking : JMCB}
}


@book{Huther.2006,
	year = {2006},
	title = {Klassiker der {\"O}konomie: Von Adam Smith bis Amartya Sen},
	keywords = {Wirtschaftstheorie;Wirtschaftswissenschaftler;Geschichte 1776-1981;Aufsatzsammlung;Biographie;Geschichte},
	address = {Bonn},
	volume = {611},
	publisher = {Bundeszentrale f{\"u}r Politische Bildung},
	isbn = {3893317597},
	series = {Schriftenreihe / Bundeszentrale f{\"u}r Politische Bildung},
	editor = {H{\"u}ther, Michael}
}


@book{IBP.2013,
	author = {IBP, I.},
	year = {2013},
	title = {Haiti Land Ownership and Agricultural Laws Handbook - Strategic Information and Basic Laws},
	url = {https://books.google.de/books?id=12ndCwAAQBAJ},
	publisher = {International Business Publications, USA},
	isbn = {9781438759166}
}


@book{InternationalMonetaryFund.2007,
	author = {{International~Monetary~Fund}},
	year = {2007},
	title = {International Monetary Fund Annual Report 2006: Making the Global Economy Work for All},
	url = {https://books.google.de/books?id=AlB6IVaRqj8C},
	publisher = {International Monetary Fund},
	isbn = {9781451970449}
}


@book{Irwin.2009,
	author = {Irwin, Douglas A.},
	year = {2009},
	title = {Free trade under fire},
	price = {alk. paper},
	keywords = {Free trade;Globalization;Au{\ss}enhandel;Handelspolitik;Industrie;Produktivit{\"a}t;Besch{\"a}ftigung;Freihandel;Au{\ss}enwirtschaftspolitik;Internationale Handelspolitik;Handelsliberalisierung;Globalisierung;WTO-Recht;Protektionismus;USA;Entwicklungsl{\"a}nder;United States;Commercial policy},
	address = {Princeton, NJ},
	edition = {3. ed},
	publisher = {Princeton Univ. Press},
	isbn = {9780691143156}
}


@book{Jacobs.1970,
	author = {Jacobs, Jane},
	year = {1970},
	title = {The economy of cities},
	keywords = {Stadtentwicklung;USA;Cities and towns;Growth;Industry;Social aspects;Economic development},
	address = {London},
	publisher = {Jonathan Cape}
}


@book{Jensen.1997,
	year = {1997},
	title = {Dynamics, economic growth, and international trade},
	url = {http://www.loc.gov/catdir/description/umich051/97038512.html},
	keywords = {International trade;Econometric models;Economic development;Au{\ss}enhandel;Faktormobilit{\"a}t;Wachstum und Au{\ss}enwirtschaft;Technischer Fortschritt;Modell;Handel},
	address = {Ann Arbor, Mich.},
	publisher = {Univ. of Michigan Press},
	isbn = {0472109189},
	series = {Studies in international economics},
	editor = {{Jensen,~Bjarne~S.Wong~K.-Y.}}
}


@article{Johnson.1959,
	author = {Johnson, Harry G.},
	year = {1959},
	title = {Economic development and international trade},
	pages = {253--272},
	volume = {97},
	number = {5/6},
	journal = {National{\o}konomisk tidsskrift}
}


@article{Johnson.1969,
	author = {Johnson, Harry Gordon},
	year = {1969},
	title = {The standard theory of tariffs},
	keywords = {Universit{\"a}tsbibliographie},
	pages = {333--352},
	volume = {2 (1969)},
	journal = {The Canadian journal of economics}
}


@article{Jones.1965,
	author = {Jones, Ronald W.},
	year = {1965},
	title = {The structure of simple general equilibrium models},
	pages = {557--572},
	volume = {73},
	number = {6},
	journal = {The journal of political economy}
}


@article{Jones.1970,
	abstract = {Bhagwati, Jagdish N.: Comment. S. 93-94},
	author = {Jones, Ronald W. and Bhagwati, Jagdish N.},
	year = {1970},
	title = {The role of technology in the theory of international trade},
	keywords = {Aussenwirtschaftstheorie;Technik},
	pages = {73--92},
	journal = {The technology factor in international trade : a conference of the Universities - National Bureau Committee for Economic Research}
}


@article{Jones.1979,
	author = {Jones, A. J.},
	year = {1979},
	title = {The theory of economic integration},
	keywords = {Wirtschaftsunion},
	pages = {193--213},
	journal = {Inflation, development and integration : essays in honour of A. J. Brown}
}


@article{Jones.1984,
	author = {Jones, Ronald W. and Neary, J. Peter},
	year = {1984},
	title = {The positive theory of international trade},
	keywords = {Aussenhandel},
	pages = {1--62},
	volume = {1 (1984)},
	journal = {Handbook of international economics}
}


@article{Jones.1995a,
	author = {Jones, Charles Irving},
	year = {1995a},
	title = {Time series tests of endogenous growth models},
	keywords = {Endogenes Wachstumsmodell;Theorie;Sch{\"a}tzung;Zeitreihenanalyse;USA},
	number = {441, S. 495-525},
	journal = {The quarterly journal of economics}
}


@article{Jones.1995b,
	author = {Jones, Charles Irving},
	year = {1995b},
	title = {R{\&}D-based models of economic growth},
	keywords = {Endogenes Wachstumsmodell;Industrieforschung;Skalenertrag;Theorie},
	journal = {The journal of political economy}
}


@incollection{Jones.2005,
	author = {Jones, Charles I.},
	title = {Growth and ideas},
	keywords = {Erfindung;Kreativit{\"a}t;Wachstumstheorie;Allokation;Skalenertrag},
	pages = {1063--1111},
	publisher = {Elsevier},
	isbn = {978-0-444-52043-2},
	booktitle = {Handbook of economic growth},
	year = {2005},
	address = {Amsterdam [u.a.]}
}


@article{Keller.2004,
	author = {Keller, Wolfgang},
	year = {2004},
	title = {International technology diffusion},
	keywords = {Innovationsdiffusion;Technischer Fortschritt;Endogenes Wachstumsmodell;Theorie;luenpub;Wirtschaft : Allgemeines},
	pages = {752--782},
	volume = {42},
	number = {3},
	journal = {Journal of economic literature}
}


@book{Kemp.1969,
	author = {Kemp, Murray C.},
	year = {1969},
	title = {The pure theory of international trade and investment},
	keywords = {Aussenwirtschaftstheorie;Wirtschaftswachstum;Kapitalanlage im Ausland Auslandskapital im Inland},
	address = {Englewood Cliffs, NJ},
	publisher = {Prentice-Hall}
}


@book{King.2005,
	author = {King, Alexander},
	year = {2005},
	title = {R{\"a}umliche Mobilit{\"a}t in Haiti zwischen Paysannerie und Weltmarkt: Wandel der Beziehungen zwischen Land, Stadt und Ausland unter dem Einfluss der Globalisierung am Beispiel des Verflechtungsraums von Cap Ha{\"i}tien ; mit 33 Tabellen: Univ., Diss.--T{\"u}bingen, 2005},
	keywords = {L{\"a}ndlicher Raum;Mobilit{\"a}t;Stadt;Globalization;Economic aspects;Social aspects;Landflucht;Arbeitsmigranten;Kapitalismus;Globalisierung;Haiti;Economic conditions;1971-;Economic policy},
	address = {T{\"u}bingen},
	volume = {27},
	publisher = {Selbstverl. des Geograph. Inst. der Univ},
	isbn = {3881210733},
	series = {T{\"u}binger Beitr{\"a}ge zur geographischen Lateinamerika-Forschung}
}


@article{Kontolaimou.2015,
	author = {Kontolaimou, Alexandra and Giotopoulos, Ioannis and Tsakanikas, Aggelos},
	year = {2015},
	title = {A typology of European countries based on innovation efficiency and technology gaps: The role of early-stage entrepreneurship},
	pages = {477--484},
	volume = {52},
	issn = {02649993},
	journal = {Economic Modelling},
	doi = {10.1016/j.econmod.2015.09.028}
}


@article{Kravis.1978,
	author = {Kravis, Irving B.},
	year = {1978},
	title = {The current case for import limitations},
	keywords = {Aussenwirtschaftskontrolle;Vereinigte Staaten},
	pages = {1--26},
	journal = {Changing patterns in foreign trade and payments}
}


@article{Krueger.2001,
	author = {Krueger, Alan B. and Lindahl, Mikael},
	year = {2001},
	title = {Education for growth: Why and for whom?},
	keywords = {Bildungsertrag;Wirtschaftswachstum;Theorie;luenpub;Wirtschaft : Allgemeines},
	pages = {1101--1136},
	volume = {39},
	number = {4},
	journal = {Journal of economic literature}
}


@article{Krugman.1979ab,
	author = {Krugman, Paul},
	year = {1979a},
	title = {A model of innovation, technology transfer, and the world distribution of income},
	pages = {253--266},
	volume = {87},
	number = {2},
	journal = {The journal of political economy}
}


@article{Krugman.1979b,
	author = {Krugman, Paul},
	year = {1979b},
	title = {International trade and income distribution: A reconsideration},
	keywords = {Aussenwirtschaft;Einkommensverteilung},
	volume = {314},
	number = {356},
	journal = {nber working paper series}
}


@article{Krugman.1980,
	author = {Krugman, Paul},
	year = {1980},
	title = {Scale economies, product differentiation, and the pattern of trade},
	pages = {950--959},
	volume = {70},
	number = {5},
	journal = {The American economic review}
}


@article{Krugman.1981,
	author = {Krugman, Paul R.},
	year = {1981},
	title = {Intraindustry specialization and the gains from trade},
	pages = {959--973},
	volume = {89},
	number = {5},
	journal = {The journal of political economy}
}


@misc{Krugman.1982,
	author = {Krugman, Paul},
	year = {1982},
	title = {A technology gap model of international trade},
	keywords = {Aussenwirtschaftstheorie;Technik Technologietransfer},
	address = {Yxtahohn, Sweden},
	institutions = {International Economic Association Conference on Structural Adjustment in Trade-dependent Advanced Economies}
}


@article{Krugman.1983,
	author = {Krugman, Paul},
	year = {1983},
	title = {New theories of trade among industrial countries},
	pages = {343--347},
	volume = {73},
	number = {2},
	journal = {The American economic review}
}


@article{Krugman.1987,
	author = {Krugman, Paul Robin},
	year = {1987},
	title = {The narrow moving band, the Dutch disease, and the competitive consequences of Mrs. Thatcher: Notes on trade in the presence of dynamic economies},
	keywords = {Internationaler Wettbewerb;Rohstoffreichtum},
	journal = {Journal of development economics}
}


@book{Krugman.1990,
	author = {Krugman, Paul R.},
	year = {1990},
	title = {Rethinking international trade},
	keywords = {Internationaler Wettbewerb;Reale Au{\ss}enwirtschaftstheorie;Unvollkommene Information},
	address = {Cambridge, Mass.},
	edition = {2. print},
	publisher = {MIT Pr},
	isbn = {0262111489}
}


@article{Krugman.1991,
	author = {Krugman, Paul Robin},
	year = {1991},
	title = {Increasing returns and economic geography},
	keywords = {Industriegeographie;Skalenertrag;Transportkosten;Theorie;Neue {\"o}konomische Geographie},
	journal = {The journal of political economy}
}


@book{Krugman.2010,
	abstract = {Die didaktische Revolution in der wirtschaftswissenschaftlichen Ausbildung. Mit ihrem erz{\"a}hlerischen Ansatz, der klaren Sprache und den lebensnahen Beispielen gelingt den renommierten Autoren eine unterhaltsame, spannende und {\"a}u{\ss}erst praxisorientierte Einf{\"u}hrung in die Volkswirtschaftslehre. Eine einleitende Geschichte zu Beginn jedes Kapitels erleichtert den Zugang zum jeweiligen Thema und hilft, die Inhalte besser im Ged{\"a}chtnis zu verankern. Alle vorgestellten Konzepte und Theorien werden durch realit{\"a}tsnahe, gut einpr{\"a}gsame Beispiele aus dem Wirtschaftsalltag veranschaulicht. In jedem Kapitel sichern eine durchgehende Praxis-Fallstudie, eine Kurzzusammenfassung und Kontrollfragen inklusive Antworten den optimalen Lernerfolg. Vertiefende Inhalte k{\"o}nnen bei Bedarf hinzugezogen werden. F{\"u}r Studenten ein unverzichtbares Grundlagenwerk.},
	author = {Krugman, Paul and Wells, Robin and John, Klaus Dieter},
	year = {2010},
	title = {Volkswirtschaftslehre},
	price = {EUR 49.95, ca. EUR 51.40 (AT), ca. sfr 77.00 (freier Pr.)},
	keywords = {Volkswirtschaftslehre;Volkswirtschaft;{\"O}konomie;Handbuch;Nachschlagewerk;Wirtschaftswissenschaft;Wirtschaftsstudium;Theorie;Lehrmaterial;Volkswirtschaftstheorie;Lehrbuch},
	address = {Stuttgart},
	publisher = {Sch{\"a}ffer-Poeschel},
	isbn = {9783791023397}
}


@book{Krugman.2015,
	author = {Krugman, Paul R. and Obstfeld, Maurice and Melitz, Marc J.},
	year = {2015},
	title = {Internationale Wirtschaft: Theorie und Politik der Au{\ss}enwirtschaft},
	price = {EUR 49.95 (DE)},
	keywords = {Au{\ss}enwirtschaft;Au{\ss}enwirtschaftstheorie;Au{\ss}enwirtschaftspolitik;Wechselkurstheorie;Offene Volkswirtschaft;Internationale Wirtschaftspolitik;Theorie;Lehrbuch;Weltwirtschaft},
	address = {Hallbergmoos},
	edition = {10., aktualisierte Aufl},
	publisher = {Pearson Studium ein Imprint von Pearson Deutschland},
	isbn = {9783863267612},
	series = {Pearson Studium - Economic BWL}
}


@article{Krugman.79,
	author = {Krugman, Paul},
	year = {1979},
	title = {Increasing returns, monopolistic competition, and international trade},
	keywords = {luenpub},
	pages = {469--479},
	volume = {9},
	number = {4},
	journal = {Journal of international economics}
}


@book{Kurz.2008,
	author = {Kurz},
	year = {2008},
	title = {Klassiker des {\"o}konomischen Denkens - Band 1},
	address = {M{\"u}nchen},
	edition = {1. Aufl.},
	volume = {1858},
	publisher = {Beck, C H},
	isbn = {9783406573576},
	series = {Beck'sche Reihe}
}


@book{Lachmann.1994,
	author = {Lachmann, Werner},
	year = {1994},
	title = {Entwicklungspolitik},
	keywords = {Weltwirtschaft / Entwicklungsl{\"a}nder},
	address = {M{\"u}nchen, Wien},
	publisher = {Oldenbourg},
	isbn = {3486229494}
}


@article{LadrondeGuevaraAntonio.1997,
	author = {{Ladrón~de~Guevara,~Antonio} and Ortigueira, Salvador and {Santos~Santos}, Manuel},
	year = {1997},
	title = {Equilibrium dynamics in two-sector models of endogenous growth},
	keywords = {Endogenes Wachstumsmodell;Dynamisches Gleichgewicht;Theorie},
	journal = {Journal of economic dynamics {\&} control}
}


@article{Lancaster.1980,
	author = {Lancaster, Kelvin},
	year = {1980},
	title = {Intra-industry trade under perfect monopolistic competition},
	pages = {151--175},
	volume = {10},
	number = {2},
	journal = {Journal of international economics}
}


@article{Leamer.1980,
	author = {Leamer, Edward E.},
	year = {1980},
	title = {The Leontief paradox, reconsidered},
	pages = {495--503},
	volume = {88},
	number = {3},
	journal = {The journal of political economy}
}


@book{Lee.1999,
	author = {Lee, H.},
	year = {1999},
	title = {Das Verm{\"o}gen und seine Verteilung in Korea aus sozialethischer Sicht},
	url = {https://books.google.de/books?id=6J4nB\textunderscore 3CE-AC},
	publisher = {Tectum-Verlag},
	isbn = {9783828880504}
}


@article{Leontief.1953,
	author = {Leontief, Wassily},
	year = {1953},
	title = {Domestic production and foreign trade; the American capital position re-examined},
	journal = {Proceedings of the American Philosophical Society}
}


@article{Levine.1992,
	author = {Levine, Ross E. and Renelt, David},
	year = {1992},
	title = {A sensitivity analysis of cross-country growth regressions},
	keywords = {Wirtschaftswachstum;Wirtschaftsindikator;Theorie},
	journal = {The American economic review}
}


@book{Lewis.1955,
	author = {Lewis, W. A.},
	year = {1955},
	title = {The theory of economic growth},
	keywords = {Wachstumstheorie;Industries;Wirtschaftlicher Fortschritt},
	address = {London},
	publisher = {Allen {\&} Unwin}
}


@book{Lin.2007,
	author = {Lin{\ss}, Vera},
	year = {2007},
	title = {Die wichtigsten Wirtschaftsdenker},
	address = {Wiesbaden},
	publisher = {Marix-Verl.},
	isbn = {9783865399229},
	series = {Marixwissen}
}


@book{LittleIanMalcolmDavid.1970,
	author = {{Little,~Ian~Malcolm~David} and Scitovsky, Tibor and Scott, Maurice FitzGerald},
	year = {1970},
	title = {Industry and trade in some developing countries: A comparative study},
	price = {90/-},
	keywords = {Industrialisierung;Industries;Entwicklungsl{\"a}nder;Developing countries;Commerce;Economic policy;Kongress;Madrid <1969>;Underdeveloped areas;Industriepolitik;Wirtschaftspolitik},
	address = {London},
	publisher = {Oxford Univ. Press},
	isbn = {0192153293},
	series = {Industry and Trade in Some Developing Countries, Publ. for the Development Centre of the Organization for Economic Co-operation and Development, Paris}
}


@article{Lucas.1988,
	author = {Lucas, Robert E.},
	year = {1988},
	title = {On the mechanics of economic development},
	keywords = {Entwicklungstheorie;Neue Wachstumstheorie;Theorie},
	journal = {Journal of monetary economics}
}


@article{Lucas.2007,
	abstract = {A model is proposed to describe the evolution of real GDPs in the world economy that is intended to apply to all open economies. The five parameters of the model are calibrated using the Sachs-Warner definition of openness and time-series and cross-section data on incomes and other variables from the 19th and 20th centuries. The model predicts convergence of income levels and growth rates and has strong but reasonable implications for transition dynamics.},
	author = {Lucas, Robert E.},
	year = {2007},
	title = {Trade and the diffusion of the Industrial Revolution},
	keywords = {Wirtschaftswachstum;Nationaleinkommen;Industrialisierung;Offene Volkswirtschaft;Welt;Volkseinkommen},
	volume = {13286}
}


@book{Lutz.2014,
	year = {2014},
	title = {World population and human capital in the twenty-first century},
	price = {{\pounds}95.00},
	keywords = {Weltbev{\"o}lkerung;Bev{\"o}lkerungswachstum;Prognose;Bev{\"o}lkerungsentwicklung;Bev{\"o}lkerungsprognose;Humankapital;Welt;Educational attainment;Forecasting;Population forecasting;Aufsatzsammlung},
	address = {Oxford},
	edition = {1. ed},
	publisher = {Oxford Univ. Press},
	isbn = {9780198703167},
	editor = {Lutz, Wolfgang}
}


@article{MacDougall.1951,
	author = {{MacDougall,~G.~D.~A.}},
	year = {1951},
	title = {British and American exports: a study suggested by the theory of comparative costs},
	keywords = {luenpub},
	pages = {697--724},
	volume = {61/1},
	number = {244},
	journal = {The economic journal : the journal of the Royal Economic Society}
}


@article{MacDougall.1952,
	author = {{MacDougall,~G.~D.~A.}},
	year = {1952},
	title = {British and American exports: a study suggested by the theory of comparative costs},
	keywords = {luenpub},
	pages = {487--521},
	volume = {62/1},
	journal = {The economic journal : the journal of the Royal Economic Society}
}


@book{Maddison.2001,
	author = {Maddison, Angus},
	year = {2001},
	title = {The world economy: A millennial perspective},
	keywords = {Statistik},
	address = {Paris},
	publisher = {OECD},
	isbn = {9264186549},
	series = {Development Centre studies},
	institution = {OECD}
}


@book{Malthus.1798,
	author = {Malthus, T. R.},
	year = {1798},
	title = {An essay on the principle of population, as it affects the future improvement of society. With remarks on the speculations of Mr. Godwin, M. Condorcet, and other writers},
	address = {London},
	publisher = {printed for J. Johnson}
}


@book{Malthus.1798b,
	year = {1798},
	title = {Das Bev{\"o}lkerungsgesetz},
	address = {M{\"u}nchen},
	publisher = {Deutscher Taschenbuch V},
	isbn = {3423060212},
	series = {dtv. 6021},
	editor = {Malthus, Thomas Robert}
}


@article{Mankiw.1992,
	author = {Mankiw, N. Gregory and Romer, David H. and Weil, David Nathan},
	year = {1992},
	title = {A contribution to the empirics of economic growth},
	keywords = {Endogenes Wachstumsmodell;Humankapital;Neoklassisches Wachstumsmodell;Lebensstandard;Theorie},
	number = {429, S. 407-437},
	journal = {The quarterly journal of economics}
}


@book{Mankiw.2012,
	abstract = {Das Standardlehrbuch (Vorauflage in ID-G 39/08) der beiden angloamerikanischen Wirtschaftswissenschaftler wurde von A. Wagner und M. Herrmann, beide Universit{\"a}t Leipzig, sorgf{\"a}ltig {\"u}bersetzt und bearbeitet. Es ist umfassend, sehr gut verst{\"a}ndlich und enth{\"a}lt neben vielen Schaubildern etliche Fallstudien, so z.B. eine {\"u}ber die Griechenlandkrise. Zusammenfassungen, Stichw{\"o}rter, Wiederholungsfragen sowie Aufgaben und Anwendungen helfen den Studierenden die Kapitel jeweils zu repetieren. Die L{\"o}sungen f{\"u}r die Wiederholungsfragen sowie die Aufgaben und Anwendungen finden sich im separaten Arbeitsbuch (in dieser Nr.), das von M. Herrmann erarbeitet wurde. Es sollte mit dem Standardwerk gemeinsam angeboten werden. Die Vorauflagen sollten ersetzt werden, da die neue Auflage 2 wichtige Kapitel {\"u}ber die Finanzkrise und die keynesianische IS-LM-Analyse, ein sehr wichtiges Analyseinstrument, enth{\"a}lt. Das Buch kann neben {\dq}Grundz{\"u}ge der Volkswirtschaftslehre{\dq} (unter Mitarbeit von P. Bofinger: ID-B 4/11) und A. Heertje: {\dq}Grundlagen der Volkswirtschaftslehre{\dq} (ID-G 4/09) stehen. (3) (LK/OS: Dannert)
	
	Gut verst{\"a}ndliches und umfassendes Standardlehrbuch zweier angloamerikanischer Wirtschaftswissenschaftler, das von Experten aus Leipzig sorgf{\"a}ltig {\"u}bersetzt und {\"u}berarbeitet wurde. (LK/OS: Dannert)},
	author = {Mankiw, Nicholas Gregory and Taylor, Mark P. and Wagner, Adolf and Herrmann, Marco and ...@Mankiw-Taylor},
	year = {2012},
	title = {Grundz{\"u}ge der Volkswirtschaftslehre},
	url = {http://www.vlb.de/GetBlob.aspx?strDisposition=a\&strIsbn=9783791030982},
	price = {EUR 39.95},
	keywords = {Volkswirtschaftslehre;Wirtschaftswissenschaft;Theorie;USA;Lehrbuch;Economics;Textbooks;Handbuch},
	address = {Stuttgart},
	edition = {5., {\"u}berarb. und erw. Aufl},
	publisher = {Sch{\"a}ffer-Poeschel},
	isbn = {9783791030982}
}


@article{Manuelli.2014,
	author = {Manuelli, Rodolfo E. and Seshadri, Ananth},
	year = {2014},
	title = {Human capital and the wealth of nations},
	keywords = {Humankapital;Bildungsniveau;Verm{\"o}gen;Sch{\"a}tzung;Produktivit{\"a}t;Arbeitsproduktivit{\"a}t;Welt;Wirtschaft : Allgemeines},
	pages = {2736--2762},
	volume = {104},
	number = {9},
	journal = {The American economic review}
}


@article{Maskus.1985,
	author = {Maskus, Keith E.},
	year = {1985},
	title = {A test of the Heckscher-Ohlin-Vanek theorem: The Leontief commonplace},
	keywords = {Au{\ss}enwirtschaftstheorie;Kapitalintensit{\"a}t;Produktionsfunktion;Internationale Wirtschaft;USA;luenpub},
	journal = {Journal of international economics}
}


@article{Matsuyama.,
	author = {Matsuyama, Kiminori},
	year = {1992},
	title = {Agricultural productivity, comparative advantage, and economic growth},
	keywords = {Endogenes Wachstumsmodell;Offene Volkswirtschaft;Theorie;Produktivit{\"a}t},
	volume = {58},
	journal = {Journal of economic theory}
}


@article{MattiasWolfgangStoetzerDanielErnst.,
	author = {{Mattias-Wolfgang~Stoetzer,~Daniel~Ernst}},
	title = {Innovatve firms and employment- a meta-analysis of the empirical evidence},
	pages = {173--182},
	volume = {2015},
	number = {2},
	journal = {Perspekitiven der Wirtschaftspolitik}
}


@incollection{MayerFoulkes.2006,
	author = {Mayer-Foulkes, David},
	title = {Global divergence},
	keywords = {Wirtschaftliche Konvergenz;Wirtschaftswachstum;Sch{\"a}tzung;Welt},
	pages = {29--59},
	publisher = {Nova Science Publ},
	isbn = {978-1-60021-103-4},
	booktitle = {International finance and monetary policy},
	year = {2006},
	address = {New York, NY}
}


@article{Mehrotra.2009,
	author = {Mehrotra, Vijay and Grossman, Thomas A.},
	year = {2009},
	title = {OR process skills transform an out-of-control call center into strategic asset},
	keywords = {Operations Research;Einf{\"u}hrung;Qualit{\"a}tsmanagement},
	pages = {346--352},
	volume = {39},
	number = {4},
	journal = {Interfaces}
}


@article{Melitz.2003,
	author = {Melitz, Marc J.},
	year = {2003},
	title = {The impact of trade on intra-industry reallocations and aggregate industry productivity},
	keywords = {Allokation;Internationale Wirtschaft;Markteintritt;Branchenentwicklung;Produktivit{\"a}t;Handelsliberalisierung;Theorie},
	pages = {1695--1725},
	volume = {71},
	number = {6},
	journal = {Econometrica : journal of the Econometric Society, an internat. society for the advancement of economic theory in its relation to statistics and mathematics}
}


@article{Melvin.1969,
	author = {Melvin, James R.},
	year = {1969},
	title = {Increasing returns to scale as a determinant of trade},
	keywords = {Universit{\"a}tsbibliographie},
	pages = {389--402},
	volume = {2 (1969)},
	journal = {The Canadian journal of economics}
}


@book{Menzel.2013,
	author = {Menzel, U.},
	year = {2013},
	title = {Wirtschaft und Politik im modernen China: Eine Sozial- und Wirtschaftsgeschichte von 1842 bis nach Maos Tod},
	url = {https://books.google.de/books?id=mmSqBgAAQBAJ},
	publisher = {VS Verlag f{\"u}r Sozialwissenschaften},
	isbn = {9783663142584}
}


@article{Mies.2013,
	author = {Mies, Veronica},
	year = {2013},
	title = {When less is more: optimal technology adoption goals and the stage of development},
	journal = {Discussion Paper}
}


@book{Mill.1909,
	author = {Mill, John Stuart},
	year = {1909},
	title = {Principles of political economy},
	keywords = {Economics;Volkswirtschaftslehre},
	address = {London}
}


@article{Mincer.1974,
	author = {Mincer, Jacob},
	year = {1974},
	title = {Schooling, experience, and earnings},
	keywords = {Schulbildung;Fachwissen;Einkommensdisparit{\"a}t;USA;Income distribution;Mathematical models;United States;Human capital;Education;Economic aspects;Bildungs{\"o}konomie;Einkommen;Vereinigte Staaten},
	volume = {2},
	journal = {nber working paper series}
}


@book{Mokyr.1990,
	author = {Mokyr, Joel},
	year = {1990},
	title = {The lever of riches: Technological creativity and economic progress},
	url = {http://www.loc.gov/catdir/enhancements/fy0635/89028298-d.html},
	keywords = {Technological innovations;Economic aspects;History;Economic development;Technischer Fortschritt;Wirtschaftswachstum;Wirtschaftsentwicklung;Technology;Development;Economics;Geschichte;Technologie / Innovation / Geschichte;Wirtschaftsentwicklung / Geschichte},
	address = {New York, NY},
	publisher = {Oxford Univ. Press},
	isbn = {0195061136}
}


@book{Montiel.2003,
	author = {Montiel, Peter J.},
	year = {2003},
	title = {Macroeconomics in emerging markets},
	url = {http://www.loc.gov/catdir/samples/cam033/2002023391.html},
	price = {{\pounds}20.95},
	keywords = {Makro{\"o}konomie;Macroeconomics;Makro{\"o}konomik;Entwicklungsl{\"a}nder;Schwellenl{\"a}nder;Developing countries;Economic conditions;{\"O}ffentliche Finanzen <au{\ss}er Staat>;Zentralbank;Wachstum;Finanzreform;Wechselkurs;Fiskalpolitik},
	address = {Cambridge},
	publisher = {Cambridge Univ. Press},
	isbn = {0521785510}
}


@article{Moretti.2004,
	author = {Moretti, Enrico},
	year = {2004},
	title = {Estimating the social return to higher education: Evidence from longitudinal and repeated cross-sectional data},
	keywords = {Bildungsertrag;Bildungsinvestition;Wohlfahrtsanalyse;USA;{\"O}konometrie;{\"O}konometrische Methode;{\"O}konometrisches Modell},
	pages = {175--212},
	volume = {121},
	number = {1/2},
	journal = {Journal of econometrics}
}


@book{Muller.2005,
	author = {M{\"u}ller, Johannes and Wallacher, Johannes},
	year = {2005},
	title = {Entwicklungsgerechte Weltwirtschaft: Perspektiven f{\"u}r eine sozial- und umweltvertr{\"a}gliche Globalisierung},
	price = {Kt. : EUR 25,00},
	keywords = {Globalisierung;Umweltvertr{\"a}glichkeit},
	address = {Stuttgart},
	volume = {7},
	publisher = {Kohlhammer},
	isbn = {3-17-018323-0},
	series = {Kon-Texte}
}


@article{Mundell.1957,
	author = {Mundell, Robert A.},
	year = {1957},
	title = {International trade and factor mobility},
	pages = {321--335},
	volume = {47},
	number = {3},
	journal = {The American economic review}
}


@article{Nelson.1959,
	author = {Nelson, Richard R.},
	year = {1959},
	title = {The simple economics of basic scientific research},
	pages = {297--306},
	volume = {67},
	number = {3},
	journal = {The journal of political economy}
}


@article{Nelson.1966,
	author = {Nelson, Richard R. and Phelps, Edmund S.},
	year = {1966},
	title = {Investment in humans, technological diffusion, and ecoomic growth},
	pages = {69--75},
	volume = {56},
	number = {2},
	journal = {The American economic review}
}


@book{Ohlin.1933,
	author = {Ohlin, Bertil},
	year = {1933},
	title = {Interregional and international Trade},
	address = {Cambridge},
	volume = {39)},
	publisher = {Harvard Univ. Pr},
	series = {(Harvard economic Studies}
}


@article{ONeil.WashingtonDC,
	author = {O'Neil, Kevin},
	year = {Washington, DC},
	title = {Brain Drain and Gain: The Case of Taiwan},
	volume = {2003},
	journal = {Migration information source, Migration Policy Institute}
}


@article{Ortigueira.1997,
	author = {Ortigueira, Salvador and {Santos~Santos}, Manuel},
	year = {1997},
	title = {On the speed of convergence in endogenous growth models},
	keywords = {Endogenes Wachstumsmodell;Neoklassisches Wachstumsmodell;Theorie;Wirtschaft : Allgemeines},
	journal = {The American economic review}
}


@article{Ortigueira.2002,
	author = {Ortigueira, Salvador and {Santos~Santos,~Manuel~S.}},
	year = {2002},
	title = {Equilibrium dynamics in a two-sector model with taxes},
	keywords = {Dynamisches Gleichgewicht;Endogenes Wachstumsmodell;Mehrsektoren-Modell;Steuerwirkung;Lohnsteuer;Theorie},
	pages = {99--119},
	volume = {105},
	number = {1},
	journal = {Journal of economic theory}
}


@book{Ostrom.1990,
	author = {Ostrom, Elinor},
	year = {1990},
	title = {Governing the commons: The evolution of institutions for collective action},
	price = {(pbk.)},
	keywords = {Kollektiventscheidung},
	address = {Cambridge Mass. u.a.},
	edition = {1. publ},
	publisher = {Cambridge Univ. Press},
	isbn = {978-0-521-40599-7},
	series = {Political economy of institutions and decisions}
}


@article{Ott.2011,
	author = {Ott, Ingrid and Soretz, Susanne},
	year = {2011},
	title = {Public policies and convergence},
	keywords = {Bildungspolitik;Technologiepolitik;Wirtschaftliche Konvergenz;EU-Staaten},
	pages = {1435--1450},
	volume = {35},
	number = {9},
	journal = {Journal of economic dynamics {\&} control}
}


@article{Pavcnik.2002,
	author = {Pavcnik, Nina},
	year = {2002},
	title = {Trade liberalization, exit, and productivity improvements: Evidence from Chilean plants},
	keywords = {Handelsliberalisierung;Produktivit{\"a}t;Chile},
	pages = {245--276},
	volume = {69},
	number = {1},
	journal = {The review of economic studies}
}


@article{Peri.2004,
	author = {Peri, Giovanni and Urban, Dieter},
	year = {2004},
	title = {Catching-up to foreign technology? Evidence on the {\dq}Veblen-Gerschenkron{\dq} effect of foreign investments},
	keywords = {Auslandsinvestition;Technologietransfer;Spillover-Effekt;Produktivit{\"a}t;Sch{\"a}tzung;Deutschland;Italien;Investments, Foreign;Economic aspects;Germany;Italy;Technological innovations;Manufacturing industries;Germany (West);Direktinvestition},
	volume = {10893}
}


@article{Peters.2012,
	author = {Peters, Katrin and Schnitzer, Monika},
	year = {2012},
	title = {Trade liberalization and credit constraints: Why opening up may fail to promote convergence},
	keywords = {Handelsliberalisierung;Internationale Wirtschaftsbeziehungen;Produktivit{\"a}t;Wirtschaftliche Konvergenz;Liquidit{\"a}tsbeschr{\"a}nkung;Technologietransfer;Theorie},
	journal = {Discussion Paper}
}


@book{Pontryagin.1964,
	author = {Pontryagin, L. S.},
	year = {1964},
	title = {The mathematical theory of optimal processes},
	keywords = {Mathematical optimization;Maximumprinzip;Optimale Prozesse;Markoff-Prozesse;Statistische Kontrollprobleme},
	address = {New York},
	publisher = {MacMillan}
}


@article{Pritchett.1997,
	author = {Pritchett, Lant Hayward},
	year = {1997},
	title = {Divergence, big time},
	keywords = {Wirtschaftswachstum;Wirtschaftliche Konvergenz;Welt;Wirtschaft : Allgemeines},
	journal = {The journal of economic perspectives : EP ; a journal of the American Economic Association}
}


@article{Quah.1993,
	author = {Quah, Danny},
	year = {1993},
	title = {Empirical cross-section dynamics in economic growth},
	pages = {426--434},
	volume = {37},
	number = {2-3},
	issn = {00142921},
	journal = {European Economic Review},
	doi = {10.1016/0014-2921(93)90031-5}
}


@article{Quah.1996,
	author = {Quah, Danny T.},
	year = {1996},
	title = {Twin peaks: Growth and convergence in models of distribution dynamics},
	keywords = {Wirtschaftliche Konvergenz;Theorie;luenpub},
	number = {437, S. 1045-1055},
	journal = {The economic journal : the journal of the Royal Economic Society}
}


@article{Quah.1997,
	author = {Quah, Danny T.},
	year = {1997},
	title = {Empirics for growth and distribution: Stratification, polarization, and convergence clubs},
	keywords = {Wirtschaftliche Konvergenz;Einkommensverteilung;Theorie;Welt},
	journal = {Journal of economic growth}
}


@article{Ramsey.1928,
	author = {Ramsey, Frank P.},
	year = {1928},
	title = {A mathematical theory of saving},
	pages = {543--559},
	volume = {38 (1928)},
	journal = {The economic journal : the journal of the Royal Economic Society}
}


@article{Rauch.,
	author = {Rauch, James E.},
	year = {1993},
	title = {Productivity gains from geographic concentration of human capital: Evidence from the cities},
	keywords = {Humankapital;Produktivit{\"a}t;Agglomerationseffekt;Theorie;Sch{\"a}tzung;USA},
	pages = {380--400},
	volume = {34},
	journal = {Journal of urban economics}
}


@article{Rebelo.1991,
	author = {Rebelo, S{\'e}rgio T.},
	year = {1991},
	title = {Long-run policy analysis and long-run growth},
	keywords = {Wachstumstheorie;Wachstumspolitik;Theorie},
	journal = {The journal of political economy}
}


@misc{Regeher.2013,
	author = {Regeher, Demian},
	year = {22. 03. 2013},
	title = {Politischer Sonderbericht: Projektland: Ghana},
	institution = {Hanns Seidel Stiftung}
}


@article{Reinganum.1981,
	author = {Reinganum, Jennifer F.},
	year = {1981},
	title = {Dynamic games of innovation},
	pages = {21--41},
	volume = {25},
	number = {1},
	journal = {Journal of economic theory}
}


@article{Reinganum.1985,
	author = {Reinganum, Jennifer Freidel},
	year = {1985},
	title = {Innovation and industry evolution},
	keywords = {Innovation;Industrie},
	journal = {The quarterly journal of economics}
}


@book{Reisach.1997,
	author = {Reisach, U. and Tauber, T. and Reisach, U. T.},
	year = {1997},
	title = {China - Wirtschaftspartner zwischen Wunsch und Wirklichkeit: Ein Handbuch f{\"u}r Praktiker},
	url = {https://books.google.de/books?id=-VcfAwAAQBAJ},
	publisher = {Redline Verlag},
	isbn = {9783864145810}
}


@book{Ricardo.1817,
	author = {Ricardo, David},
	year = {1817},
	title = {On the Principles of political economy and taxation},
	address = {London},
	publisher = {Murray}
}


@article{RiveraBatiz.,
	author = {Rivera-Batiz, Luis A. and Romer, Paul M.},
	title = {International trade with endogenous technological change},
	keywords = {Au{\ss}enwirtschaftstheorie;Technischer Fortschritt;Wachstumstheorie;Theorie},
	pages = {971--1004},
	volume = {1991b},
	number = {35},
	issn = {00142921},
	journal = {European Economic Review}
}


@article{RiveraBatiz.1991a,
	author = {Rivera-Batiz, Luis A. and Romer, Paul Michael},
	year = {1991a},
	title = {Economic integration and endogenous growth},
	keywords = {Wirtschaftsintegration;Exportinduziertes Wachstum;Skalenertrag;Endogenes Wachstumsmodell;Theorie},
	number = {425, S. 531-555},
	journal = {The quarterly journal of economics}
}


@article{RodriguezCaballero.2000,
	author = {{Rodriguez Caballero}, Francisco and Rodrik, Dani and Hsieh, Chang-tai and Jones, Charles I.},
	year = {2000},
	title = {Trade policy and economic growth: A skeptic's guide to the cross-national evidence},
	keywords = {Au{\ss}enwirtschaftspolitik;Wirtschaftswachstum;Handelsliberalisierung;Sch{\"a}tzung;Welt},
	pages = {261--325},
	volume = {15 (2000)},
	journal = {NBER macroeconomics annual}
}


@book{Rodrik.1995,
	year = {1995},
	title = {Handbook of development economics: Volume 3a},
	address = {Amsterdam [etc.]},
	publisher = {North-Holland},
	isbn = {0444529446},
	series = {Handbooks in economics},
	editor = {Rodrik, D. and Rosenzweig, M.R}
}


@book{Rodrik.2007,
	abstract = {In One Economics, Many Recipes, leading economist Dani Rodrik argues that neither globalizers nor antiglobalizers have got it right. While economic globalization can be a boon for countries that are trying to dig out of poverty, success usually requires following policies that are tailored to local economic and political realities rather than obeying the dictates of the international globalization establishment. A definitive statement of Rodrik's original and influential perspective on economic growth and globalization, One Economics, Many Recipes shows how successful countries craft their own unique strategies--and what other countries can learn from them. To most proglobalizers, globalization is a source of economic salvation for developing nations, and to fully benefit from it nations must follow a universal set of rules designed by organizations such as the World Bank, the International Monetary Fund, and the World Trade Organization and enforced by international investors and capital markets. But to most antiglobalizers, such global rules spell nothing but trouble, and the more poor nations shield themselves from them, the better off they are. Rodrik rejects the simplifications of both sides, showing that poor countries get rich not by copying what Washington technocrats preach or what others have done, but by overcoming their own highly specific constraints. And, far from conflicting with economic science, this is exactly what good economics teaches.},
	author = {Rodrik, Dani},
	year = {2007},
	title = {One economics, many recipes: Globalization, institutions, and economic growth},
	url = {http://www.loc.gov/catdir/enhancements/fy0726/2007005575-d.html},
	price = {alk. paper},
	keywords = {International economic relations;Globalization;Economic aspects;Weltwirtschaft;Globalisierung;Wirtschaftswachstum;Wachstumspolitik;Industriepolitik;Entwicklungsstrategie;Institutionen{\"o}konomik;Global Governance;Wirtschaft;Wachstum;Institutionalismus},
	address = {Princeton, NJ},
	publisher = {Princeton Univ. Press},
	isbn = {9780691129518}
}


@article{Romalis.2004,
	author = {Romalis, John},
	year = {2004},
	title = {Factor proportions and the structure of commodity trade},
	keywords = {Au{\ss}enhandelsstruktur;Faktorproportionentheorem;Transportkosten;Monopolistischer Wettbewerb;Theorie;Wirtschaft : Allgemeines},
	pages = {67--97},
	volume = {94},
	number = {1},
	journal = {The American economic review}
}


@article{Romer.,
	author = {Romer, Paul Michael},
	year = {1989},
	title = {Human capital and growth: Theory and evidence},
	keywords = {Humankapital;Endogenes Wachstumsmodell;Theorie},
	journal = {Carnegie Rochester conference series on public policy : a bi-annual conference proceedings}
}


@article{Romer.1986,
	abstract = {This paper presents a fullv specified model of long-run growth in
	which krlowledge is assumed  to  be an input in production that has
	increasing marginal productivity. It is essentially a competetive equi-
	libriurn model with endogenous techilological change.  In  contrast lo
	models based  on  diminislhing returns, growth rates can be increasing
	over time. The effects of small disturbances can be amplified  by  the
	actions of private agents, and large countries may always grow faster
	than small countries. Long-run evidence is offered in support of the
	empirical relevance of these possibilities.},
	author = {Romer, Paul Michael},
	year = {1986},
	title = {Increasing Returns and Long-Run Growth},
	pages = {1002--1037},
	volume = {94},
	number = {5},
	journal = {The journal of political economy}
}


@article{Romer.1987,
	author = {Romer, Paul Michael},
	year = {1987},
	title = {Growth based on increasing returns due to specialization},
	keywords = {Endogenes Wachstumsmodell;Skalenertrag;Theorie},
	volume = {99},
	journal = {The American economic review}
}


@article{Romer.1990,
	author = {Romer, Paul Michael},
	year = {1990},
	title = {Endogenous technological change},
	keywords = {Neue Wachstumstheorie;Technischer Fortschritt;Theorie},
	journal = {The journal of political economy}
}


@book{Romer.1993,
	author = {Romer, Paul M.},
	year = {1993},
	title = {Idea gaps and object gaps in economic development},
	keywords = {Economic development;Economics;Economic Competition;Public Policy},
	address = {Toronto and Ont},
	volume = {15},
	publisher = {Canadian Institute for Advanced Research, Program in Economic Growth~{and}~Policy},
	series = {CIAR program in economic growth and policy working paper}
}


@book{Rosner.2012,
	author = {Rosner, Peter},
	year = {2012},
	title = {Die Entwicklung {\"o}konomischen Denkens: Ein Lernprozess},
	keywords = {Dogmengeschichte;Wirtschaft;Wirtschaftstheorie},
	address = {Berlin},
	publisher = {Duncker {\&} Humblot},
	isbn = {3428836936}
}


@article{Sachs.1995,
	author = {Sachs, Jeffrey D. and Warner, Andrew Mark},
	year = {1995},
	title = {Economic reform and the process of global integration},
	volume = {1733},
	journal = {Discussion Paper}
}


@article{SalaiMartin.1996,
	author = {Sala-i-Martin, Xavier X.},
	year = {1996},
	title = {Regional cohesion: Evidence and theories of regional growth and convergence},
	pages = {1325--1352},
	volume = {40},
	number = {6},
	issn = {00142921},
	journal = {European Economic Review},
	doi = {10.1016/0014-2921(95)00029-1}
}


@book{SalaiMartin.2002,
	author = {Sala-i-Martin, Xavier},
	year = {2002},
	title = {The world distribution of income (estimated from individual country distributions)},
	keywords = {Einkommensverteilung;International;Armut;Sch{\"a}tzung;Welt},
	address = {Cambridge, Mass.},
	volume = {8933},
	publisher = {National Bureau of Economic Research},
	series = {NBER working paper series}
}


@article{Samuelson.1941,
	author = {Samuelson, Paul Anthony and Stolper, Wolfgang F.},
	year = {1941},
	title = {Protection and real Wages},
	pages = {58--73},
	volume = {9 (1941/42)},
	journal = {The review of economic studies}
}


@article{Samuelson.1948,
	author = {Samuelson, Paul A.},
	year = {1948},
	title = {International trade and the equalisation of factor prices},
	pages = {163--184},
	volume = {58},
	number = {230},
	journal = {The economic journal : the journal of the Royal Economic Society}
}


@article{Samuelson.1949,
	author = {Samuelson, Paul A.},
	year = {1949},
	title = {International factor-price equalisation once again},
	pages = {181--197},
	volume = {59},
	number = {234},
	journal = {The economic journal : the journal of the Royal Economic Society}
}


@article{Santacreu.2015,
	author = {Santacreu, Ana Maria},
	year = {2015},
	title = {Innovation, diffusion, and trade: Theory and measurement},
	pages = {1--20},
	volume = {75},
	journal = {Journal of monetary economics},
	doi = {10.1016/j.jmoneco.2015.06.008}
}


@book{Schebesch.1992,
	author = {Schebesch, Klaus B.},
	year = {1992},
	title = {Innovation, Wettbewerb und neue Marktmodelle},
	keywords = {Budgetierung;Competition;Forschung und Entwicklung;Industrial productivity;Innovation;Innovationsmanagement;Innovationswettbewerb;Marktmodell;Technological innovations;Technologiemanagement;Unternehmen;Wettbewerb;Wettbewerbsmodell},
	address = {Heidelberg},
	volume = {39},
	publisher = {Physica},
	isbn = {9783790806274},
	series = {Physica-Schriften zur Betriebswirtschaft}
}


@book{Schmookler.1966,
	author = {Schmookler, Jacob},
	year = {1966},
	title = {Invention and economic growth},
	keywords = {Inventions;Technology;Philosophy;Economic development;Wirtschaftswachstum;Innovation;Erfindung;Erfindungsschutz},
	address = {Cambridge, Mass.},
	publisher = {Harvard Univ. Press}
}


@article{Schultz.1962,
	author = {Schultz, Theodore William},
	year = {1962},
	title = {Investment in human capital},
	pages = {106--120},
	journal = {Phelps : Edmund S}
}


@book{Schultz.1964,
	author = {Schultz, Theodore William},
	year = {1964},
	title = {Transforming traditional agriculture},
	address = {New Haven usw.},
	edition = {(3.print)},
	volume = {3)},
	publisher = {Yale Univ. Pr},
	series = {(Studies in comparative economics}
}


@article{Schultz.1975,
	author = {Schultz, Theodore W.},
	year = {1975},
	title = {The value of the ability to deal with disequilibria},
	keywords = {luenpub},
	pages = {827--846},
	volume = {13},
	number = {3},
	journal = {Journal of economic literature}
}


@book{Schumpeter.1934,
	author = {Schumpeter, Joseph Alois and Opie, Redvers},
	year = {1934},
	title = {The theory of economic development},
	keywords = {Economics;Economic history},
	address = {Cambridge, Mass.},
	volume = {46)},
	publisher = {Harvard Univ. Pr},
	series = {(Harvard economic Studies}
}


@book{Schumpeter.1934a,
	author = {Schumpeter, Joseph A.},
	year = {1934},
	title = {The theory of economic development: An inquiry into profits, capital, credit, interest, and the business cycle},
	address = {Cambridge, Mass.},
	publisher = {Harvard University Press},
	isbn = {0878556982},
	series = {Social science classics series}
}


@book{Schumpeter.2008,
	author = {Schumpeter, Joseph A.},
	year = {2008},
	title = {Capitalism, socialism, and democracy},
	address = {New York},
	edition = {1},
	publisher = {Harper Perennial Modern Thought},
	isbn = {0061561614}
}


@book{Scotchmer.2004,
	abstract = {{\dq}Interest in intellectual property and other institutions that promote innovation exploded during the 1990s. Innovation and Incentives provides a clear and wide-ranging introduction to the economics of innovation, suitable for teaching at both the advanced undergraduate and graduate levels. It will also be useful to legal and economics professionals. Written by an expert on intellectual property and industrial organization, the book archieves a balanced mix of institutional details, examples, and theory. Analytical, empirical, or institutional factors can be given different emphases at different levels of study.{\dq}--BOOK JACKET.},
	author = {Scotchmer, Suzanne},
	year = {2004},
	title = {Innovation and incentives},
	address = {Cambridge and Mass},
	publisher = {MIT Press},
	isbn = {9780262693431}
}


@article{Segerstrom.1990,
	author = {Segerstrom, Paul S. and Anant, T. C. and Dinopoulos, Elias},
	year = {1990},
	title = {A Schumpeterian model of the product life cycle},
	keywords = {Au{\ss}enwirtschaftstheorie;Innovation;Produktlebenszyklus;Gleichgewichtstheorie;Theorie},
	journal = {The American economic review}
}


@article{Segerstrom.1991,
	author = {Segerstrom, Paul S.},
	year = {1991},
	title = {Innovation, imitation, and economic growth},
	keywords = {Wachstumstheorie;Gleichgewichtstheorie;Innovation;Imitationsstrategie;Industrieforschung;Theorie},
	journal = {The journal of political economy}
}


@article{Sheshinski.1967,
	author = {Sheshinski, Eytan},
	year = {1967},
	title = {Tests of the {\dq}learning by doing{\dq} hypothesis},
	pages = {568--578},
	volume = {49},
	number = {4},
	journal = {The review of economics and statistics}
}


@article{Solow.1956,
	author = {Solow, Robert M.},
	year = {1956},
	title = {A contribution to the theory of economic growth},
	pages = {65--94},
	volume = {70},
	number = {1},
	journal = {The quarterly journal of economics}
}


@article{Solow.1957,
	author = {Solow, Robert M.},
	year = {1957},
	title = {Technical change and the aggregate production function},
	pages = {312--320},
	volume = {39},
	number = {3},
	journal = {The review of economics and statistics}
}


@book{Stauber.2014,
	author = {Stauber, R. and Kerschbaumer, F. and Koschier, M.},
	year = {2014},
	title = {M{\"a}chtepolitik und Friedenssicherung: Zur politischen Kultur Europas im Zeichen des Wiener Kongresses},
	url = {https://books.google.de/books?id=p-wbBAAAQBAJ},
	publisher = {Lit Verlag},
	isbn = {9783643505026}
}


@book{Stauber.2014b,
	author = {Stauber, R. and Kerschbaumer, F. and Koschier, M.},
	year = {2014},
	title = {M{\"a}chtepolitik und Friedenssicherung: Zur politischen Kultur Europas im Zeichen des Wiener Kongresses},
	url = {https://books.google.de/books?id=p-wbBAAAQBAJ},
	publisher = {Lit Verlag},
	isbn = {9783643505026}
}


@article{Stern.1962,
	author = {Stern, Robert M.},
	year = {1962},
	title = {British and American productivity and comparative costs in international trade},
	keywords = {luenpub;Volkswirtschaft;Zeitschrift},
	pages = {275--296},
	volume = {14},
	number = {3},
	journal = {Oxford economic papers}
}


@article{Stern.1973,
	author = {Stern, Robert M.},
	year = {1973},
	title = {Tariffs and other measures of trade control: A survey of recent developments},
	keywords = {luenpub},
	pages = {857--888},
	volume = {11},
	number = {3},
	journal = {Journal of economic literature}
}


@article{Stern.1981,
	author = {Stern, Robert M. and Maskus, Keith E.},
	year = {1981},
	title = {Determinants of the structure of U. S. foreign trade, 1958-76},
	keywords = {luenpub},
	pages = {207--224},
	volume = {11},
	number = {2},
	journal = {Journal of international economics}
}


@article{Stokey.2015,
	author = {Stokey, Nancy L.},
	year = {2015},
	title = {Catching up and falling behind},
	pages = {1--36},
	volume = {20},
	number = {1},
	journal = {Journal of economic growth}
}


@misc{Straubhaar.2011,
	author = {Straubhaar, Thomas},
	year = {2011},
	title = {Der Opiumkrieg oder warum Ungleichgewichte im Welthandel schon immer {\"A}rger gemacht haben},
	url = {http://www.hwwi.org/uploads/tx\textunderscore wilpubdb/HWWI\textunderscore Standpunkt\textunderscore 159.pdf},
	keywords = {Straubhaar, Thomas;(Verfasser der Uni HH);Universit{\"a}t <Hamburg>;Sonstiges elektronisches Dokument},
	address = {Hamburg},
	series = {HWWI-Standpunkt}
}


@article{Thoenig.2003,
	author = {Thoenig, Mathias and Verdier, Thierry},
	year = {2003},
	title = {Trade-induced technical bias and wage inequalities: A theory of defensive innovations},
	keywords = {Technischer Fortschritt;Systematischer Fehler;Handelseffekt;Einkommensverteilung;Allgemeines Gleichgewicht;Theorie;Income distribution;North and south;Right of property;Technological innovations;Economic aspects;Wages;Effect of technological innovations on},
	pages = {709--728},
	number = {93},
	journal = {American Economic Review}
}


@book{Tirole.1988,
	author = {Tirole, Jean},
	year = {1988},
	title = {The theory of industrial organization},
	keywords = {Industrie{\"o}konomie;Management;Industrial organization (Economic theory);28;60},
	address = {Cambridge and Mass},
	publisher = {MIT Press},
	isbn = {9780262200714}
}


@book{Torrens.1815,
	author = {Torrens, Robert},
	year = {1815},
	title = {An essay on the external corn trade ; containing an inquiry into the general principles of that important branch of traffic ; an examination to which these principles are liable, and a comparative statement of the effects which restrictions on importation and free intercourse, are calculated to produce upon subsistence, agriculture, commerce, and revenue},
	keywords = {Getreidehandel;Protektionismus;Grundrente;Theorie;Gro{\ss}britannien;Geschichte 1815;Quelle},
	address = {London},
	publisher = {Hatchard}
}


@article{Trefler.1993,
	author = {Trefler, Daniel},
	year = {1993},
	title = {International factor price differences: Leontief was right!},
	keywords = {Au{\ss}enwirtschaftstheorie;Theorie;Sch{\"a}tzung;Welt},
	journal = {The journal of political economy}
}


@article{Trefler.1995,
	author = {Trefler, Daniel},
	year = {1995},
	title = {The case of the missing trade and other mysteries},
	keywords = {Au{\ss}enwirtschaftstheorie;Internationale Arbeitsteilung;Theorie;Sch{\"a}tzung;Welt},
	journal = {The American economic review}
}


@article{Trefler.2004,
	author = {Trefler, Daniel},
	year = {2004},
	title = {The long and short of the Canada-US Free Trade Agreement},
	keywords = {Freihandelszone;Handelsabkommen;NAFTA-Staaten;USA;Kanada;Wirtschaft : Allgemeines},
	pages = {870--895},
	volume = {94},
	number = {4},
	journal = {The American economic review}
}


@article{Uzawa.1965,
	author = {Uzawa, Hirofumi},
	year = {1965},
	title = {Optimal technical change in an aggregative model of economic growth},
	pages = {18--31},
	volume = {6},
	number = {1},
	journal = {International economic review}
}


@article{Vandenbussche.2006,
	author = {Vandenbussche, J{\'e}r{\^o}me and Aghion, Philippe and Meghir, Costas},
	year = {2006},
	title = {Growth, distance to frontier and composition of human capital},
	pages = {97--127},
	volume = {11},
	number = {2},
	journal = {Journal of economic growth}
}


@incollection{vanLong.1997,
	author = {{van~Long}, Ngo and Wong, Kar-yiu},
	title = {Endogenous growth and international trade: A survey},
	volume = {337},
	publisher = {Univ. of Michigan Press},
	isbn = {0472109189},
	series = {Studies in international economics},
	editor = {{Jensen,~Bjarne~S.Wong~K.-Y.}},
	booktitle = {Dynamics, economic growth, and international trade},
	year = {1997},
	address = {Ann Arbor, Mich.}
}


@book{Veblen.1915,
	author = {Veblen, Thorstein},
	year = {1915},
	title = {Imperial Germany and the industrial revolution},
	keywords = {Germany;Civilization;Economic policy},
	address = {New York, London},
	publisher = {MacMillan}
}


@article{Ventura.1997,
	author = {Ventura, Jaume},
	year = {1997},
	title = {Growth and interdependence},
	keywords = {Exportinduziertes Wachstum;Wirtschaftliche Konvergenz;Wachstumstheorie;Au{\ss}enwirtschaftstheorie;Theorie;Wirtschaftswachstum;Ostasien},
	number = {448, S. 57-84},
	journal = {The quarterly journal of economics}
}


@incollection{Ventura.2005,
	author = {Ventura, Jaume},
	title = {A global view of economic growth},
	keywords = {Wirtschaftswachstum;Wachstumstheorie;Au{\ss}enwirtschaftstheorie;Internationale Wirtschaft},
	pages = {1419--1497},
	publisher = {Elsevier},
	isbn = {978-0-444-52043-2},
	booktitle = {Handbook of economic growth},
	year = {2005},
	address = {Amsterdam [u.a.]}
}


@book{Wagner.1995,
	author = {Wagner, Norbert and Kaiser, Martin},
	year = {1995},
	title = {{\"O}konomie der Entwicklungsl{\"a}nder: Eine Einf{\"u}hrung ; 45 Tabellen},
	price = {DM 36.80},
	keywords = {Entwicklungstheorie;Entwicklungspolitik;Entwicklungsl{\"a}nder;Entwicklungsl{\"a}nder / Entwicklungspolitik;Entwicklungsl{\"a}nder - Wirtschaft;Entwicklungsstategie;Handel;Internationaler Wettbewerb;Lehrbuch;Entwicklungs{\"o}konomie;Internationaler Handel},
	address = {Stuttgart},
	edition = {3., neubearb. und erw. Aufl},
	volume = {1230},
	publisher = {G. Fischer},
	isbn = {3437403230},
	series = {UTB f{\"u}r Wissenschaft Uni-Taschenb{\"u}cher Wirtschaftswissenschaften, Politologie}
}


@book{Weiss.2008,
	author = {Weiss, S. and Schmierer, J.},
	year = {2008},
	title = {Prek{\"a}re Staatlichkeit und internationale Ordnung},
	url = {https://books.google.de/books?id=xpIHLaDHOHoC},
	publisher = {VS Verlag f{\"u}r Sozialwissenschaften},
	isbn = {9783531905662}
}


@book{Wende.2001,
	author = {Wende, P.},
	year = {2001},
	title = {Gro{\ss}britannien 1500-2000},
	url = {https://books.google.de/books?id=FtPnBQAAQBAJ},
	publisher = {De Gruyter},
	isbn = {9783486701302}
}


@book{Woll.2011,
	abstract = {Das Lehrbuch f{\"u}r Bachelor- und Masterstudieng{\"a}nge beschreibt alle wesentlichen Teile der Volkswirtschaftslehre, die gegenw{\"a}rtig zum internationalen Standard geh{\"o}ren. (LK/E: Kardung)
	
	Vorauflage (ID-G 13/07) ersetzen. - Neben {\dq}Grundz{\"u}ge der Volkswirtschaftslehre{\dq} (Pearson Studium; ID-B 4/11) und U. Ba{\ss}eler: {\dq}Grundlagen und Probleme der Volkswirtschaft{\dq} (19. Auflage ID-G 25/10) und nat{\"u}rlich auch N.G. Mankiw: {\dq}Grundz{\"u}ge der VWL{\dq} (4. Auflage ID-G 39/08) im Einzugsbereich von Hochschulen wichtig. (3) (LK/E: Kardung)},
	author = {Woll, Artur},
	year = {2011},
	title = {Volkswirtschaftslehre},
	price = {ca. EUR 29.80 (DE), ca. sfr 43.50 (freier Pr.)},
	keywords = {Volkswirtschaftslehre;Wirtschaftswissenschaft;Wirtschaftstheorie;Theorie;Deutschland;Lehrbuch;Volkswirtschaft},
	address = {M{\"u}nchen},
	edition = {16., vollst. {\"u}berarb. Aufl},
	publisher = {Vahlen},
	isbn = {9783800643141},
	series = {Vahlens Handb{\"u}cher der Wirtschafts- und Sozialwissenschaften}
}


@book{WorldBank.2007,
	abstract = {The world's demand for food is expected to double within the next 50 years, while the natural resources that sustain agriculture will become increasingly scarce, degraded, and vulnerable to the effects of climate change. In many poor countries, agriculture accounts for at least 40 percent of GDP and 80 percent of employment. At the same time, about 70 percent of the world's poor live in rural areas and most depend on agriculture for their livelihoods. World Development Report 2008 seeks to assess where, when, and how agriculture can be an effective instrument for economic development, especially development that favors the poor. It examines several broad questions: How has agriculture changed in developing countries in the past 20 years? What are the important new challenges and opportunities for agriculture? Which new sources of agricultural growth can be captured cost effectively in particular in poor countries with large agricultural sectors as in Africa? How can agricultural growth be made more effective for poverty reduction? How can governments facilitate the transition of large populations out of agriculture, without simply transferring the burden of rural poverty to urban areas? How can the natural resource endowment for agriculture be protected? How can agriculture's negative environmental effects be contained? This year's report marks the 30th year the World Bank has been publishing the World Development Report.},
	year = {2007},
	title = {World Development Report 2008: Agriculture for Development},
	address = {Washington DC},
	publisher = {World Bank Publications},
	isbn = {9780821368077},
	editor = {{World~Bank}}
}


@article{Wright.1936,
	author = {Wright, T. P.},
	year = {1936},
	title = {Factors Affecting the Cost of Airplanes},
	pages = {122--128},
	volume = {3},
	number = {4},
	issn = {1936-9956},
	journal = {Journal of the Aeronautical Sciences},
	doi = {10.2514/8.155}
}


@article{Young.1991,
	author = {Young, Alwyn},
	year = {1991},
	title = {Learning by doing and the dynamic effects of international trade},
	keywords = {Au{\ss}enwirtschaftstheorie;Wachstumstheorie;Exportinduziertes Wachstum;Gleichgewichtstheorie;Theorie},
	number = {425, S. 369-405},
	journal = {The quarterly journal of economics}
}


