%Here you can find my Master-Thesis LaTeX bibliography.

%@article{<citation key>,
%    author        = {},
%    title         = {},
%    journaltitle  = {},
%    year          = {}
%}
%
%@online{<citation key>,
%    author        = {},
%    title         = {},
%    year          = {},
%    url           = {}
%}
%
%@book{<citation key>,
%    author        = {},
%    title         = {},
%    year          = {}
%}