% This file was created with Citavi 4.4.0.28

@book{.,
 title = {Economic growth: Theory and evidence ; volume 1},
 address = {Cheltenham and Brookfield and Cheltenham},
 publisher = {Elgar},
 isbn = {1858982057}
}


@article{.1968,
 abstract = {The population problem has no technical solution; it requires a fundamental extension in morality.},
 author = {Hardin, Garrett},
 year = {1968},
 title = {The Tragedy of the Commons},
 pages = {1243--1248},
 volume = {162},
 number = {3859},
 issn = {0036-8075},
 journal = {Science (New York, N.Y.)},
 doi = {10.1126/science.162.3859.1243}
}


@book{.2005,
 year = {2005},
 title = {Handbook of Economic Growth},
 address = {Amsterdam [u.a.]},
 publisher = {Elsevier},
 isbn = {978-0-444-52043-2},
 editor = {Aghion, Philippe and Durlauf, Steven N.}
}


@book{.2005b,
 year = {2005},
 title = {Handbook of Economic Growth},
 address = {Amsterdam [u.a.]},
 publisher = {Elsevier},
 isbn = {978-0-444-52043-2}
}


@book{.2006,
 year = {2006},
 title = {International finance and monetary policy},
 address = {New York, NY},
 publisher = {Nova Science Publ},
 isbn = {978-1-60021-103-4}
}


@book{.2012,
 abstract = {The World Development Report 2013: Jobs looks at jobs as drivers of development, not as derived labor demand, and considers all types of jobs, not just formal wage employment. The Report provides a framework that cuts across sectors and shows that the best policy responses vary across countries, depending on their levels of development, endowments, demography, and institutions. Policy fundamentals matter in all cases, as they enable a vibrant private sector, the source of most jobs in the world. Labor policies can help as well, even if they are less critical than is often assumed. Development policies, from making smallholder farming viable to fostering functional cities to engaging in global markets, hold the key to success.},
 year = {2012},
 title = {World development report 2013: Jobs},
 keywords = {Labor policy;Occupations;Professions;Developing countries;BUSINESS {\&} ECONOMICS;POLITICAL SCIENCE;Career development;Vocational guidance},
 address = {Washington, D.C.},
 volume = {2013},
 publisher = {World Bank},
 isbn = {9780821395752},
 series = {World development report}
}


@book{.b,
 title = {Inflation, Development and Integration Hsg. Bowers J.K.}
}


@book{.c,
 title = {Inflation, Development and Integration Hsg. Bowers, J.K.}
}


@book{Aberle.2010,
 author = {Aberle, Judith},
 year = {2010},
 title = {Medizinische Virologie: Grundlagen, Diagnostik, Pr{\"a}vention und Therapie viraler Erkrankungen ; 115 Tabellen},
 keywords = {Viruskrankheit},
 address = {Stuttgart [u.a.]},
 edition = {2., komplett {\"u}berarb. und erw. Aufl.},
 publisher = {Thieme},
 isbn = {3131139625}
}


@book{Abernathy.1978,
 author = {Abernathy, William J.},
 year = {1978},
 title = {The Productivity Dilemma: Roadblock to Innovation in the Automobile Industry},
 keywords = {Arbeitsbestgestaltung;Arbeitsproduktivit{\"a}t;Kraftfahrzeugindustrie;Vereinigte Staaten},
 address = {Baltimore},
 publisher = {Hopkins Univ. Press},
 isbn = {0801820812}
}


@article{Abramovitz.1986,
 author = {Abramovitz, Moses},
 year = {1986},
 title = {Catching Up, Forging Ahead, and Falling Behind},
 pages = {445--464},
 number = {46},
 issn = {0022-0507},
 journal = {The Journal of Economic History},
 doi = {10.1017/S0022050700046209}
}


@article{Acemoglu.2000,
 author = {Acemoglu, Daron and Angrist, Joshua},
 year = {2000},
 title = {How Large Are Human-Capital Externalities? Evidence from Compulsory Schooling Laws},
 keywords = {Humankapital;Externer Effekt;Theorie;Bildungsertrag;USA},
 pages = {9--59},
 volume = {15},
 journal = {NBER Macroannual}
}


@article{Acemoglu.2000b,
 author = {Acemoglu, Daron and Johnson, Simon and Robinson, James},
 year = {2000},
 title = {The Colonial Origins of Comparative Development: An Empirical Investigation},
 pages = {1369--1401},
 number = {91},
 journal = {American Economic Review},
 doi = {10.3386/w7771}
}


@article{Acemoglu.2002,
 author = {Acemoglu, Daron and Ventura, Jaume},
 year = {2002},
 title = {The World Income Distribution},
 keywords = {Einkommensverteilung;Endogenes Wachstumsmodell;Skalenertrag;Internationale Arbeitsteilung;Terms of Trade;Theorie;Welt},
 pages = {659--694},
 number = {117},
 journal = {Quarterly Journal of Economics}
}


@book{Acemoglu.2002b,
 author = {Acemoglu, Daron and Johnson, Simon and Robinson, James A.},
 year = {2002},
 title = {An African success story: Botswana},
 keywords = {Entwicklung;Wirtschaftspolitik;Entwicklungspolitik;Volkswirtschaft;Botsuana},
 address = {London},
 volume = {3219},
 publisher = {Centre for Economic Policy Research},
 series = {Discussion paper series / Centre for Economic Policy Research Public policy}
}


@article{Acemoglu.2002c,
 author = {Acemoglu, Daron and Aghion, Philippe and Zilibotti, Fabrizio},
 year = {2010},
 title = {Vertical Integration and Distance to Frontier},
 keywords = {Vertikale Integration;Outsourcing;Technische Effizienz;Wachstumstheorie;Theorie;Economic development;Econometric models;Technological innovations;Vertikale Konzentration},
 pages = {989--1033},
 volume = {8},
 number = {5},
 journal = {Journal of the European Economic Association}
}


@article{Acemoglu.2003,
 author = {Acemoglu, Daron},
 year = {2003},
 title = {Labor- and Capital-Augmenting Technical Change},
 keywords = {Technischer Fortschritt;Wachstumstheorie;Faktorintensit{\"a}t;Theorie},
 pages = {1--37},
 volume = {1},
 number = {1},
 journal = {Journal of the European Economic Association}
}


@article{Acemoglu.2006,
 author = {Acemo{\u{g}}lu, Daron and Aghion, Philippe and Zilibotti, Fabrizio},
 year = {2006},
 title = {Distance to Frontier, Selection, and Economic Growth},
 keywords = {Wirtschaftswachstum;Technischer Fortschritt;Wachstumstheorie},
 pages = {37--74},
 volume = {4},
 number = {1},
 journal = {Journal of the European Economic Association}
}


@book{Acemoglu.2009,
 author = {Acemoglu, Daron},
 year = {2009},
 title = {Introduction to Modern Economic Growth},
 keywords = {Economic development;Macroeconomics;Wirtschaftswachstum;Wachstumstheorie;Neue Wachstumstheorie;Theorie;Wirtschaftspolitik;Makro{\"o}konomik;Lehrmaterial;Wachstumspolitik},
 address = {Princeton, NJ},
 publisher = {Princeton Univ. Press},
 isbn = {9780691132921}
}


@article{Aghion.1992,
 author = {Aghion, Philippe and Howitt, Peter W.},
 year = {1992},
 title = {A Model of Growth through Creative Destruction},
 keywords = {Neue Wachstumstheorie;Forschung;Innovation;Gleichgewichtstheorie;Theorie},
 pages = {323--351},
 number = {60},
 issn = {00129682},
 journal = {Econometrica}
}


@book{Aghion.1998,
 author = {Aghion, Philippe and Howitt, Peter},
 year = {1998},
 title = {Endogenous Growth Theory},
 keywords = {Wachstumstheorie;Endogenes Wirtschaftswachstum},
 address = {Cambridge Mass. u.a},
 edition = {2},
 publisher = {MIT Press},
 isbn = {0-262-01166-2}
}


@article{Aghion.2013,
 author = {Aghion, Philippe and Fedderke, Johannes and Howitt, Peter and Kularatne, Chandana and Viegi, Nicola},
 year = {2013},
 title = {Testing Creative Destruction in an Opening Economy: The Case of the South African Manufacturing Industries},
 pages = {419--450},
 volume = {21},
 number = {3},
 journal = {The economics of transition}
}


@book{Aghion.2015,
 author = {Aghion, Philippe and Howitt, Peter and Seiter, Stephan},
 year = {2015},
 title = {Wachstums{\"o}konomie},
 price = {EUR 39.95},
 keywords = {Wirtschaftswachstum;Wachstumstheorie;Wachstumspolitik;Entwicklung;Theorie;Lehrbuch},
 address = {Berlin},
 publisher = {de Gruyter Oldenbourg},
 isbn = {9783486598216}
}


@article{Agrawal.2011,
 author = {Agrawal, Ajay and Kapur, Devesh and McHale, John and Oettl, Alexander},
 year = {2011},
 title = {Brain drain or Brain Bank? The Impact of Skilled Emigration on Poor-Country Innovation},
 keywords = {Humankapital;Innovation;Auswanderung;Brain Drain;Wissenstransfer;Patent;Indien},
 pages = {43--55},
 volume = {69},
 number = {1},
 journal = {Journal of Urban Economics}
}


@incollection{Alesina.2005,
 author = {Alesina, Alberto and Spolaore, Enrico and Wacziarg, Romain},
 title = {Trade, Growth and the Size of Countries},
 keywords = {Landesgr{\"o}{\ss}e;Wirtschaftswachstum;Internationale Wirtschaft;Endogenes Wachstumsmodell;Offene Volkswirtschaft;Theorie},
 pages = {1499--1542},
 publisher = {Elsevier},
 isbn = {978-0-444-52043-2},
 editor = {Aghion, Philippe and Durlauf, Steven N.},
 booktitle = {Handbook of Economic Growth},
 year = {2005},
 address = {Amsterdam [u.a.]}
}


@article{Antweiler.2002,
 author = {Antweiler, Werner and Trefler, Daniel},
 year = {2002},
 title = {Increasing Returns and all that: A view from trade},
 keywords = {Skalenertrag;Internationale Wirtschaft;Allgemeines Gleichgewicht;Faktorproportionentheorem;Theorie;Sch{\"a}tzung;Welt;Wirtschaft : Allgemeines},
 pages = {93--119},
 volume = {92},
 number = {1},
 journal = {American Economic Review}
}


@book{Arnold.1997,
 author = {Arnold, Lutz},
 year = {1997},
 title = {Wachstumstheorie},
 price = {ca. DM 48.00},
 keywords = {Wachstumstheorie;Neue Wachstumstheorie;Theorie;Lehrbuch;Solow;Handel},
 address = {M{\"u}nchen},
 publisher = {Vahlen},
 isbn = {3800622424}
}


@article{Arrow.1962,
 author = {Arrow, Kenneth J.},
 year = {1962},
 title = {The Economic Implications of Learning by Doing},
 pages = {155--173},
 volume = {29},
 number = {3},
 journal = {Review of Economic Studies}
}


@article{Arrow.1969,
 author = {Arrow, Kenneth J.},
 year = {1969},
 title = {Classificatory Notes on the Production and Transmission of Technological Knowledge},
 pages = {29--35},
 volume = {59},
 number = {2},
 journal = {American Economic Review}
}


@misc{arte.,
 author = {arte},
 title = {Kapitalsimus Teil 2},
 institution = {arte}
}


@article{Ashraf.2008,
 abstract = {This paper empirically tests the existence of Malthusian population dynamics in the pre-Industrial Revolution era. The theory suggests that, during the agricultural stage of development, resource surpluses beyond the maintenance of subsistence consumption were channeled primarily into population growth. In particular, societies naturally blessed by higher land productivity would have supported larger populations, given the level of socioeconomic development. Moreover, given land productivity, societies in more advanced stages of development, as reected by their cumulative experience with the agricultural technological paradigm since the Neolithic Revolution, would have sustained higher population densities. Using exogenous cross-country variations in the natural productivity of land and in the timing of the Neolithic Revolution, the analysis demonstrates that, in accordance with the Malthusian theory, societies that were characterized by higher land productivity and an earlier onset of agriculture had a higher population density in the time period 1-1500 CE. -- Growth ; Technological Progress ; Population Dynamics ; Land Productivity ; Neolithic Revolution ; Malthusian Stagnation},
 author = {Ashraf, Quamrul and Galor, Oded},
 year = {2008},
 title = {Malthusian Population Dynamics: Theory and Evidence},
 volume = {6},
 journal = {Working Papers}
}


@article{Ashraf.2011,
 author = {Ashraf, Quamrul and Galor, Oded},
 year = {2011},
 title = {Dynamics and stagnation in the Malthusian epoch},
 keywords = {Bev{\"o}lkerungsentwicklung;Nationaleinkommen;Einkommen;Produktivit{\"a}t;Fertilit{\"a}t;Bev{\"o}lkerungstheorie;Welt;Wirtschaft : Allgemeines},
 pages = {2003--2041},
 volume = {101},
 number = {5},
 journal = {The American Economic Review}
}


@misc{Atkeson.2000,
 author = {Atkeson, Andrew and Kehoe, Patrick J.},
 year = {2002},
 title = {Paths of Development for Early and Late Bloomers in a Dynamic Heckscher-Ohlin Model},
 keywords = {Wachstumstheorie;Faktorproportionentheorem;Wirtschaftliche Konvergenz;Theorie},
 address = {Minneapolis},
 edition = {Rev},
 volume = {256},
 publisher = {Federal Reserve Bank of Minneapolis Research Dep},
 series = {Staff report / Federal Reserve Bank of Minneapolis, Research Department},
 institution = {Fereal Reserve Bank of Minneapolis}
}


@article{Azariades.1990,
 author = {Azariades, Constantine Christos and Drazen, Allan},
 year = {1990},
 title = {Threshold Externalities in Economic Development},
 keywords = {Externer Effekt;Wachstumstheorie;Entwicklungstheorie;Theorie},
 pages = {501--526},
 number = {105},
 journal = {Quarterly Journal of Economics}
}


@article{Backus,
 author = {Backus, David K. and Kehoe, Patrick J. and Kehoe, Timothy Jerome},
 year = {1992},
 title = {In Search of Scale Effects in Trade and Growth},
 keywords = {Endogenes Wachstumsmodell;Au{\ss}enwirtschaftstheorie;Skalenertrag;Humankapital;Au{\ss}enhandel mit Industrieg{\"u}tern;Theorie},
 pages = {377--409},
 number = {58},
 journal = {Journal of Economic Theory}
}


@book{Baek.2010,
 author = {Baek, I. R.},
 year = {2010},
 title = {Restrukturierung der Sozialen Sicherungssysteme in den Postfordistischen Gesellschaftsformationen: Eine vergleichende Analyse von Gro{\ss}britannien, Schweden und Deutschland},
 publisher = {Verlag f{\"u}r Sozialwissenschaften},
 isbn = {9783531172071}
}


@article{Balassa.1963,
 author = {Balassa, Bela},
 year = {1963},
 title = {An Empirical Demonstration of Classical Comparative Cost Theory},
 pages = {231--238},
 volume = {45},
 number = {3},
 journal = {Review of Economics and Statistics}
}


@book{Balassa.1967,
 author = {Balassa, Bela},
 year = {1967},
 title = {Trade Liberalization among Industrial Countries: Objectives and Alternatives},
 keywords = {Au{\ss}enhandelspolitik;Industriestaaten;Commercial policy;International economic relations;International economic integration;Aussenwirtschaftsliberalisierung;Aussenwirtschaftspolitik;Atlantischer Raum;Handel / Liberalisierung},
 address = {New York, NY},
 edition = {1. ed},
 publisher = {McGraw-Hill},
 series = {The Atlantic policy studies}
}


@article{Barro.1990,
 author = {Barro, Robert Joseph and Sala-i-Martin, Xavier X.},
 year = {1990},
 title = {Economic Growth and Convergence across the United States},
 volume = {3419},
 journal = {nber working paper series}
}


@article{Barro.1991,
 author = {Barro, Robert J. and Sala-i-Martin, Xavier and Blanchard, Olivier Jean and Hall, Robert E.},
 year = {1991},
 title = {Convergence across States and Regions},
 pages = {107--182},
 number = {1},
 journal = {Brookings Papers on Economic Activity}
}


@article{Barro.1992,
 author = {Barro, Robert J. and Sala-i-Martin, Xavier X.},
 year = {1992},
 title = {Convergence},
 keywords = {Regionales Wachstum;Wirtschaftswachstum;USA},
 pages = {223--251},
 number = {100},
 journal = {Journal of Political Economy}
}


@article{Barro.1997,
 author = {Barro, Robert Joseph and Sala-i-Martin, Xavier X.},
 year = {1997},
 title = {Technological Diffusion, Convergence, and Growth},
 keywords = {Neue Wachstumstheorie;Wachstumstheorie;Neoklassik;Entwicklungskonvergenz;Innovationsdiffusion;Technischer Fortschritt;Theorie},
 pages = {1--26},
 number = {2},
 journal = {Journal of Economic Growth}
}


@article{Barro.2001,
 author = {Barro, Robert J. and Lee, Jong-Wha},
 year = {2001},
 title = {International Data on Educational Attainment: Updates and Implications},
 keywords = {Bildungsniveau;Humankapital;Vergleich;Sch{\"a}tzung;Welt;luenpub},
 pages = {541--563},
 number = {53},
 journal = {Oxford Economic Papers}
}


@book{Barro.2004,
 author = {Barro, Robert J. and Sala-i-Martin, Xavier},
 year = {2004},
 title = {Economic Growth},
 keywords = {Wachstumstheorie;Wirtschaftswachstum;Mathematisches Modell;Endogenes Wachstumsmodell;Theorie;Economic development;Mathematical models;Wirtschaftstheorie;Neoklassik;Neue Wachstumstheorie;Volkswirtschaftslehre / Wachstumstheorie;Wachstumspolitik;Arbeitsmarkt;Modell;Technischer Fortschritt;Humankapital;Offene Volkswirtschaft},
 address = {Cambridge, Mass.},
 edition = {2. ed},
 publisher = {MIT Press},
 isbn = {9780262025539}
}


@book{Beck.2008,
 author = {Beck, B.},
 year = {2008},
 title = {Volkswirtschaft verstehen},
 publisher = {vdf, Hochsch.-Verlag an der ETH},
 isbn = {9783728132079}
}


@book{Becker.1964,
 author = {Becker, Gary Stanley},
 year = {1964},
 title = {Human Capital: A theoretical and empirical analysis, with special reference to education},
 keywords = {Education;Economic aspects;Vocational guidance;Human capital;Humankapital;Vereinigte Staaten;Kapital Humankapital},
 address = {New York, NY},
 publisher = {Columbia Univ. Press}
}


@article{Becker.1965,
 author = {Becker, Gary Stanley},
 year = {1965},
 title = {A Theory of the Allocation of Time},
 keywords = {luenpub},
 pages = {493--517},
 number = {75},
 journal = {Economic Journal : The Journal of the Royal Economic Society}
}


@article{Benabou.1996,
 author = {B{\'e}nabou, Roland},
 year = {1996},
 title = {Inequality and Growth},
 volume = {11},
 journal = {NBER Macroannual}
}


@article{BenDavid.1993,
 author = {Ben-David, Dan},
 year = {1993},
 title = {Equalizing Exchange: Trade Liberalization and Income Convergence},
 keywords = {Handelsliberalisierung;Einkommensverteilung;EU-Staaten;EFTA-Staaten;OECD-Staaten;Freihandelszone;USA;Kanada},
 pages = {653--679},
 number = {434},
 journal = {Quarterly Journal of Economics}
}


@article{Benhabib.,
 author = {Benhabib, Jess J. and Perli, Roberto},
 year = {1993},
 title = {Uniqueness and Indeterminacy: On the Dynamics of Endogenous Growth},
 keywords = {Endogenes Wachstumsmodell;Gleichgewichtstheorie;Theorie},
 pages = {113--142},
 number = {63},
 journal = {Journal of Economic Theory}
}


@article{Benhabib.1994,
 author = {Benhabib, Jess J. and Spiegel, Mark M.},
 year = {1994},
 title = {The Role of Human Capital in Economic Development: Evidence from Aggregate Cross-Country Data},
 keywords = {Humankapital;Wirtschaftswachstum;Welt;Endogenes Wachstumsmodell},
 volume = {34},
 number = {2, S. 143-173},
 journal = {Journal of Monetary Economics}
}


@article{BenPorath.1967,
 author = {Ben-Porath, Yoram},
 year = {1967},
 title = {The Production of Human Capital and the Life Cycle of Earnings},
 pages = {352--365},
 number = {75},
 journal = {Journal of Political Economy}
}


@article{Bernanke.2001,
 author = {Bernanke, Ben S. and G{\"u}rkaynak, Refet S.},
 year = {2001},
 title = {Is growth exogenous? Taking Mankiw, Romer, and Weil seriously},
 keywords = {Endogenes Wachstumsmodell;Theorie;Makro{\"o}konomie;Zeitschrift},
 pages = {11--57},
 volume = {16},
 journal = {NBER macroeconomics annual}
}


@article{Bernard.2003,
 author = {Bernard, Andrew B. and Eaton, Jonathan and Jensen, J. Bradford and Kortum, Samuel},
 year = {2003},
 title = {Plants and Productivity in International Trade},
 keywords = {Produktivit{\"a}t;Au{\ss}enhandelssektor;Au{\ss}enwirtschaftstheorie;Komparativer Vorteil;Unvollkommener Wettbewerb;Theorie;USA;Wirtschaft : Allgemeines},
 pages = {1268--1290},
 number = {93},
 journal = {American Economic Review}
}


@article{Bernard.2004,
 author = {Bernard, Andrew B. and Jensen, J. Bradford},
 year = {2004},
 title = {Why Some Firms Export},
 keywords = {Export;Entscheidung;Sch{\"a}tzung;Theorie;USA},
 pages = {561--569},
 number = {86},
 journal = {Review of Economics and Statistics}
}


@article{Bernard.2007,
 abstract = {Despite the fact that importing and exporting are extremely rare firm activities, economists generally devote little attention to the role of firms when discussing international trade. This paper summarizes key differences between trading and non-trading firms, demonstrates how these differences present a challenge to standard trade models and shows how recent {\dq}heterogeneous-firm{\dq} models of international trade address these challenges. We then make use of transaction-level U.S. trade data to introduce a number of new stylized facts about firms and trade. These facts reveal that the extensive margins of trade -- that is, the number of products firms trade as well as the number of countries with which they trade -- are central to understanding the well-known role of distance in dampening aggregate trade flows.},
 author = {Bernard, Andrew B. and Jensen, J. Bradford and Redding, Stephen J. and Schott, Peter K.},
 year = {2007},
 title = {Firms in International Trade},
 keywords = {Internationale Wirtschaft;Export;Import;Unternehmen;USA;Au{\ss}enwirtschaft;Vereinigte Staaten},
 pages = {107--130},
 volume = {21},
 number = {3},
 journal = {Journal of Economic Perspectives}
}


@misc{Bibi.,
 author = {Bibi}
}


@article{BirgtiKirschbaum.,
 abstract = {This paper analyses the influence of an export supporting policy on the technical progress of a country. The model is closely related to the model by Acemoglu et al. (2006) which constitutes the context between growth and distance to frontier but modified considering import and export sector of a small economy. An export supporting strategy is introduced which increases the project size in the export sector. It shows that the project size is an influencing factor for the outcome and the growth of the technological knowledge. An economy benefits from trade in every stage of development. It turns out, that the export support is a strong incentive to develop innovations, which inducts the growth.},
 author = {{Birgti~Kirschbaum}},
 title = {Export Supporting Strategy, Distance to Frontier and Economic Growth}
}


@book{Blanchard.1989,
 author = {Blanchard, Olivier Jean and Fischer, Stanley},
 year = {1989},
 title = {Lectures on Macroeconomics},
 address = {Cambridge, Mass.},
 publisher = {MIT Press},
 isbn = {9780262022835}
}


@article{Bloom.2011,
 author = {Bloom, Nicholas and Draca, Mirko and {van~Reenen}, John},
 year = {2011},
 title = {Trade Induced Technical Change? The Impact of Chinese Imports of Innovation, it and Productivity},
 keywords = {Internationale Wirtschaft;Import;Wettbewerb;Au{\ss}enhandelspreis;Innovationsmanagement;Patent;IKT-Sektor;Produktivit{\"a}t;China;EU-Staaten},
 journal = {nber working paper series}
}


@book{Bofinger.2015,
 author = {Bofinger, Peter},
 year = {2015},
 title = {Grundz{\"u}ge der Volkswirtschaftslehre: Eine Einf{\"u}hrung in die Wissenschaft von M{\"a}rkten},
 price = {EUR 39.95 (DE)},
 keywords = {Wirtschaftswissenschaft;Mikro{\"o}konomik;Makro{\"o}konomik;Finanzsystem;Theorie;Volkswirtschaftslehre;Lehrbuch;Einf{\"u}hrung},
 address = {Hallbergmoos},
 edition = {4., aktualisierte Aufl},
 publisher = {Pearson},
 isbn = {9783863267513},
 series = {Always Learning}
}


@article{Bond.,
 author = {Bond, Eric and Kazumichi, Iwasa and Kazuo, Nishimura},
 year = {2012},
 title = {The Dynamic Heckscher - Ohlin Model: A Diagrammatic Analysis},
 keywords = {Steady-State-{\"O}konomie;Faktorproportionentheorem;Zwei-L{\"a}nder-Modell;Theorie;Rybczynski-Theorem},
 number = {12},
 journal = {RIETI Discussion Paper Series}
}


@article{Bond.2003,
 author = {Bond, Eric W. and Trask, Kathleen and Wang, Ping},
 year = {2003},
 title = {Factor Accumulation and Trade: Dynamic Comparative Advantage with Endogenous Physical and Human Capital},
 keywords = {Endogenes Wachstumsmodell;Bildungsinvestition;Zwei-L{\"a}nder-Modell;Faktorproportionentheorem;Theorie},
 pages = {1041--1060},
 volume = {44},
 number = {3},
 journal = {International Economic Review}
}


@book{Bowers.,
 title = {Inflation, Development and Integration},
 publisher = {Leeds University Press},
 editor = {Bowers, J. K.}
}


@article{Caselli.1996,
 author = {Caselli, Francesco and Esquivel, Gerardo and Lefort, Fernando},
 year = {1996},
 title = {Reopening the Convergence Debate: A New Look at Cross-Country Growth Empirics},
 keywords = {Wirtschaftliche Konvergenz;Wirtschaftswachstum;Sch{\"a}tztheorie;Wachstumstheorie;Theorie},
 pages = {363--389},
 number = {91},
 journal = {Journal of Economic Growth}
}


@book{Ceruzzi.2003,
 author = {Ceruzzi, Paul E.},
 year = {2003},
 title = {A History of Modern Computing},
 price = {alk. paper},
 keywords = {Datenverarbeitung;Computer;Computers;History;Electronic data processing;Geschichte;1945-1995;USA;Computerindustrie},
 address = {Cambridge, Mass.},
 edition = {2. ed},
 publisher = {MIT Press},
 isbn = {9780262532037},
 series = {History of computing}
}


@article{Chamley.1993,
 author = {Chamley, Christophe},
 year = {1993},
 title = {Externalities and Dynamics in Models of {\dq}Learning or Doing{\dq}},
 keywords = {Endogenes Wachstumsmodell;Allgemeines Gleichgewicht;Humankapital;Externer Effekt;Theorie},
 pages = {583--609},
 volume = {34},
 number = {3},
 journal = {International Economic Review}
}


@book{Chiang.2000,
 author = {Chiang, Alpha C.},
 year = {2000},
 title = {Elements of Dynamic Optimization},
 keywords = {Dynamische Optimierung;Economics, Mathematical;Mathematical optimization;Operations Research;Mathematik;Wirtschaftstheorie;Lehrmaterial;Mathematische Optimierung;Optimierung},
 address = {Long Grove, Ill.},
 edition = {Reissued},
 publisher = {Waveland Press},
 isbn = {9781577660965}
}


@book{Chiang.2011,
 author = {Chiang, Alpha C. and Wainwright, Kevin and Nitsch, Harald and Chiang-Wainwright-Nitsch},
 year = {2011},
 title = {Mathematik f{\"u}r {\"O}konomen: Grundlagen, Methoden und Anwendungen},
 price = {EUR 44.80, ca. sfr 75.90 (freier Pr.)},
 keywords = {Wirtschaftsmathematik;Finanzmathematik;Mathematische Optimierung;Dynamische Optimierung;Theorie;Lehrbuch;Business mathematics;Mathematics;Mathematics, economical;Mathematik;Wirtschaftswissenschaften},
 address = {M{\"u}nchen},
 publisher = {Vahlen},
 isbn = {9783800636631}
}


@article{Ciccone.Apr,
 author = {Ciccone, Antonio and Peri, Giovanni},
 year = {2006},
 title = {Identifying Human Capital Externalities: Theory with Applications},
 keywords = {Humankapital;Externer Effekt;Substitutionseffekt;Stadt;Theorie;USA},
 pages = {381--412},
 number = {73},
 journal = {The review of economic studies}
}


@article{Coe.1995,
 author = {Coe, David T. and Helpman, Elhanan},
 year = {1995},
 title = {International R{\&}D spillovers},
 keywords = {Industrieforschung;Forschung;Technologietransfer;Produktivit{\"a}t;Endogenes Wachstumsmodell;Theorie;Welt;Europ{\"a}ische Integration;Europ{\"a}ische Wirtschaft;Europ{\"a}ische W{\"a}hrungsunion;EU-Staaten},
 pages = {859--887},
 number = {39},
 issn = {00142921},
 journal = {European Economic Review}
}


@article{Cohen.1989,
 author = {Cohen, Wesley M. and Levinthal, Daniel A.},
 year = {1989},
 title = {Innovation and Learning: The Two Faces of R{\&}D},
 keywords = {Forschung;Industrieforschung;Theorie;luenpub},
 pages = {569--596},
 number = {397},
 journal = {Economic Journal : The Journal of the Royal Economic Society}
}


@article{Collier.1999,
 author = {Collier, Paul and Gunning, Jan Willem},
 year = {1999},
 title = {Explaining African Economic Performance},
 keywords = {Volkswirtschaft;Wirtschaftswachstum;Afrika;luenpub;Wirtschaft : Allgemeines},
 pages = {64--111},
 volume = {37},
 number = {1},
 journal = {Journal of Economic Literature}
}


@article{Corden.1971b,
 author = {Corden, Warner Max},
 year = {1971b},
 title = {The effects of trade on the rate of growth},
 pages = {117--143},
 journal = {Trade, balance of payments and growth : papers in international economics in honor of Charles P. Kindleberger}
}


@book{Corden.1971c,
 author = {Corden, Warner Max},
 year = {1971},
 title = {The Theory of Protection},
 keywords = {Protektionismus;Protectionism;Aussenwirtschaftstheorie;Aussenwirtschaftsprotektionismus},
 address = {Oxford},
 publisher = {Clarendon Press},
 isbn = {0198281714}
}


@book{Corden.1974,
 author = {Corden, Warner Max},
 year = {1974},
 title = {Trade Policy and Economic Welfare},
 price = {{\pounds}8.25},
 keywords = {Handelspolitik;Wohlfahrtstheorie;Free trade;Protectionism;Commercial policy;Industrial policy;Aussenwirtschaftspolitik;Aussenwirtschaftsprotektionismus},
 address = {Oxford},
 publisher = {Clarendon Press},
 isbn = {0198284012}
}


@misc{Cunat.2001,
 author = {Cu{\~n}at, Alejandro and Maffezzoli, Marco},
 year = {2001},
 title = {Growth and Interdependence under Complete Specialization},
 keywords = {Faktorproportionentheorem;Faktorpreisausgleich;Internationale Arbeitsteilung;Wachstumstheorie;Theorie},
 address = {Milano},
 series = {Working paper series / Innocenzo Gasparini Institute for Economic Research},
 institution = {Universita Bocconi}
}


@article{Davidson.1998,
 author = {Davidson, Carl and Segerstrom, Paul S.},
 year = {1998},
 title = {R{\&}D Subsidies and Economic Growth},
 keywords = {Forschungsfinanzierung;Wirtschaftswachstum;Theorie},
 pages = {548--577},
 volume = {29},
 number = {3},
 journal = {Rand journal of Economics}
}


@article{Davis.1995,
 author = {Davis, Donald Ray and Weinstein, David E. and Bradford, Scott R. and Shimpo, Kazushige},
 year = {1995},
 title = {Interregional and International Trade: Woody Allen was right!},
 keywords = {24;34;60}
}


@article{Davis.1995b,
 author = {Davis, Donald Ray},
 year = {1995},
 title = {Intra-Industry Trade: A Heckscher-Ohlin Ricardo Approach},
 keywords = {Intraindustrieller Handel;Au{\ss}enwirtschaftstheorie;Internationaler Wettbewerb;Technologie;Theorie;luenpub},
 pages = {201--226},
 volume = {39},
 number = {3/4},
 journal = {Journal of international economics}
}


@article{Davis.2001,
 author = {Davis, Donald R. and Weinstein, David E.},
 year = {2001},
 title = {An Account of Global Factor Trade},
 keywords = {Faktorproportionentheorem;Internationale Faktormobilit{\"a}t;Theorie;OECD-Staaten},
 pages = {1423--1453},
 number = {5},
 journal = {American Economic Review}
}


@incollection{Deardorff.1984,
 author = {Deardorff, Alan V.},
 year = {1984},
 title = {Testing Trade Theories and Predicting Trade Flows},
 keywords = {Au{\ss}enwirtschaftstheorie;Sch{\"a}tztheorie;Prognoseverfahren;Theorie},
 pages = {467--517},
 volume = {1},
 publisher = {Elsevier},
 editor = {Grossman, Gene M. and Rogoff, K.},
 booktitle = {Handbook of International Economics},
 address = {Amsterdam}
}


@article{Devereux.1994,
 author = {Devereux, Michael B. and Lapham, Beverly J.},
 year = {1994},
 title = {The Stability of Economic Integration and Endogenous Growth},
 pages = {299--305},
 number = {59},
 journal = {Quarterly Journal of Economics}
}


@phdthesis{Dillenseger.2013,
 author = {Dillenseger, Valentina},
 year = {2013},
 title = {Technologietransfer durch Migranten aus Entwicklungsl{\"a}ndern},
 price = {Pb. : EUR 38.50 (DE)},
 keywords = {Internationale Migration;Braindrain;Technologietransfer;Wachstumstheorie;Technology transfer;Foreign workers;Internationale Wanderung;Brain Drain;Neue Wachstumstheorie;Entwicklungsl{\"a}nder;Industriel{\"a}nder;Industriestaaten;Developed countries;Emigration and immigration;Developing countries},
 address = {Berlin and Bochum},
 school = {Univ}
}


@article{Dinopoulos.,
 author = {Dinopoulos, Elias and Oehmke, James F. and Segerstrom, Paul S.},
 year = {1991},
 title = {High-Technology-Industry Trade and Investment: The Role of Factor Endowments},
 keywords = {Hochtechnologie;Internationale Wirtschaft;Investition;Theorie;luenpub},
 pages = {49--71},
 volume = {34},
 number = {1/2},
 journal = {Journal of international economics}
}


@article{Dixit.1977,
 author = {Dixit, Avinash K. and Stiglitz, Joseph E.},
 year = {1977},
 title = {Monopolistic Competition and Optimum Product Diversity},
 pages = {297--308},
 volume = {67},
 number = {3},
 journal = {American Economic Review}
}


@book{Dixit.1980,
 author = {Dixit, Avinash K. and Norman, Victor D.},
 year = {1980},
 title = {Theory of International Trade: A Dual, General Equilibrium Approach},
 publisher = {Cambridge Univ. Press},
 isbn = {0521234816}
}


@article{Docquier.Sept,
 author = {Docquier, Fr{\'e}d{\'e}ric and Rapoport, Hillel},
 year = {2012},
 title = {Globalization, Brain Drain, and Development},
 keywords = {Brain Drain;Globalisierung;Humankapital;Netzwerk{\"o}konomik;Wirtschaftswachstum;Indien;USA;Europa;luenpub;Wirtschaft : Allgemeines},
 pages = {681--730},
 volume = {50},
 number = {3},
 journal = {Journal of Economic Literature}
}


@article{Dollar.1992,
 author = {Dollar, David Richard},
 year = {1992},
 title = {Outward-Oriented Developing Economies Really Do Grow More Rapidly: Evidence from 95 LDCs, 1976 - 1985},
 keywords = {Wirtschaftswachstum;Offene Volkswirtschaft;Entwicklungsl{\"a}nder},
 pages = {523--544},
 number = {40},
 journal = {Economic development and cultural change}
}


@article{Domar.1946,
 author = {Domar, Evsey D.},
 year = {1946},
 title = {Capital Expansion, Rate of Growth, and Employment},
 pages = {137--147},
 volume = {14},
 number = {2},
 issn = {00129682},
 journal = {Econometrica},
 doi = {10.2307/1905364}
}


@article{Dornbusch.1977,
 author = {Dornbusch, R. and Fischer, S. and Samuelson, P. A.},
 year = {1977},
 title = {Comparative Advantage, Trade, and Payments in a Ricardian Model with a Continuum of Goods},
 pages = {823--839},
 volume = {67},
 number = {5},
 journal = {American Economic Review}
}


@article{Dosi.1988,
 author = {Dosi, Giovanni},
 year = {1988},
 title = {Sources, Procedures, and Microeconomic Effects of Innovation},
 keywords = {Innovation;Industrieforschung;USA;luenpub},
 pages = {1120--1171},
 volume = {26},
 number = {3},
 journal = {Journal of Economic Literature}
}


@book{Dosi.1993,
 author = {Dosi, Giovanni and Pavitt, Keith and Soete, Luc},
 year = {1993},
 title = {The Economics of Technical Change and International Trade},
 keywords = {21030;Economics;s0030;implications;of;for;31030;technological change;Economics. Implications of technological change},
 address = {New York u.a},
 edition = {3. print},
 publisher = {Harvester Wheatsheaf},
 isbn = {0745000320}
}


@article{Duflo.2004,
 author = {Duflo, Esther},
 year = {2004},
 title = {The Medium Run Effects of Educational Expansion: Evidence from a Large School Construction Program in Indonesia},
 keywords = {Bildungsinvestition;Schule;Bildungsfinanzierung;Indonesien},
 pages = {163--197},
 volume = {74},
 number = {1},
 journal = {Journal of development economics}
}


@article{Durlauf.1995,
 author = {Durlauf, Steven N. and Johnson, Paul A.},
 year = {1995},
 title = {Multiple Regimes and Cross-Country Growth Behaviour},
 keywords = {Wirtschaftswachstum;Wirtschaftliche Konvergenz;Welt;Wachstumstheorie;Theorie},
 pages = {365--384},
 volume = {10},
 journal = {Journal of applied econometrics}
}


@article{Eaton.2001,
 author = {Eaton, Jonathan and Kortum, Samuel},
 year = {2001},
 title = {Technology, Trade, and Growth: A Unified Framework},
 keywords = {Exportinduziertes Wachstum;Innovationsdiffusion;Industrieforschung;Technologietransfer;Theorie;Europ{\"a}ische Integration;Europ{\"a}ische Wirtschaft;Europ{\"a}ische W{\"a}hrungsunion;EU-Staaten},
 pages = {742--755},
 volume = {45},
 number = {4/6},
 issn = {00142921},
 journal = {European Economic Review}
}


@article{Edgeworth.1894,
 author = {Edgeworth, F. Y.},
 year = {1894},
 title = {The Theory of International Values},
 pages = {606--638},
 volume = {4},
 number = {16},
 journal = {Economic Journal : The Journal of the Royal Economic Society}
}


@article{Edwards.1993,
 author = {Edwards, Sebastian},
 year = {1993},
 title = {Openness, Trade Liberalization, and Growth in Developing Countries},
 keywords = {Exportinduziertes Wachstum;Handelsliberalisierung;Entwicklungsl{\"a}nder;luenpub},
 pages = {1358--1393},
 volume = {31},
 number = {3},
 journal = {Journal of Economic Literature}
}


@book{Engelhard.2004,
 author = {Engelhard, Karl},
 year = {2004},
 title = {S{\"u}dkorea: Vom Entwicklungsland zum Industriestaat},
 price = {EUR 29.80},
 keywords = {Strukturwandel;Wirtschaftsentwicklung;S{\"u}dkorea;Geschichte;Korea (South);Economic conditions;1960-1988;Economic policy},
 address = {M{\"u}nster},
 volume = {7},
 publisher = {Waxmann},
 isbn = {3830914040},
 series = {Schriften der Arbeitsstelle Eine-Welt-Initiative}
}


@misc{Epifani.2006,
 author = {Epifani, Paolo and Gancia, Gino},
 year = {2006},
 title = {The Skill Bias of World Trade},
 keywords = {Einkommensverteilung;Internationale Wirtschaft;Intraindustrieller Handel;Substitutionselastizit{\"a}t;Hochqualifizierte Arbeitskr{\"a}fte;Sch{\"a}tzung;Welt;luenpub},
 address = {mimeo},
 institution = {Universitat POmpano Fabra}
}


@article{Ethier.1982,
 author = {Ethier, Wilfred J.},
 year = {1982},
 title = {National and International Returns to Scale in the Modern Theory of International Trade},
 pages = {389--405},
 volume = {72},
 number = {3},
 journal = {American Economic Review}
}


@article{Evans.1996,
 author = {Evans, Paul D.},
 year = {1996},
 title = {Using Cross-Country Variances to Evaluate Growth Theories},
 keywords = {Wachstumstheorie;Endogenes Wachstumsmodell;Theorie;Sch{\"a}tzung;Welt},
 pages = {1028--1049},
 number = {20},
 journal = {Journal of Economic Dynamics and Control}
}


@incollection{Evenson.1995,
 author = {Evenson, Robert Edward and Westphal, Larry E.},
 title = {Technological Change and Technology Strategy},
 keywords = {Technischer Fortschritt;Technologiepolitik;Wachstumstheorie;Theorie;Entwicklungsl{\"a}nder},
 pages = {2209--2299},
 volume = {3A (1995)},
 publisher = {North-Holland},
 isbn = {0444529446},
 series = {Handbooks in economics},
 editor = {Rodrik, D. and Rosenzweig, M.R},
 booktitle = {Handbook of Development Economics},
 year = {1995},
 address = {Amsterdam [etc.]}
}


@article{Fajgelbaum.2011,
 author = {Fajgelbaum, Pablo and Grossman, Gene M. and Helpman, Elhanan},
 year = {2011},
 title = {Income Distribution, Product Quality, and International Trade},
 keywords = {Internationale Wirtschaft;Internationale Handelspolitik;Produktqualit{\"a}t;Produktdifferenzierung;Einkommensverteilung;Transportkosten;Wohlfahrtsanalyse;Theorie},
 pages = {721--765},
 volume = {119},
 number = {4},
 journal = {Journal of Political Economy}
}


@article{FarmerRogerE.A..2005,
 author = {{Farmer,~Roger~E.~A.} and Lahiri, Amartya},
 year = {2005},
 title = {A Two-Country Model of Endogenous Growth},
 keywords = {Endogenes Wachstumsmodell;Zwei-L{\"a}nder-Modell;Offene Volkswirtschaft;Theorie},
 pages = {68--88},
 volume = {8},
 number = {1},
 journal = {Review of economic dynamics}
}


@article{Feenstra.,
 author = {Feenstra, Robert C.},
 year = {1990},
 title = {Trade and Uneven Growth},
 keywords = {Endogenes Wachstumsmodell;Wirtschaftliche Konvergenz;Innovationsdiffusion;Multinationales Unternehmen;Technologietransfer;Theorie},
 pages = {229--256},
 volume = {49},
 number = {1},
 journal = {Journal of development economics}
}


@article{Findlay.1978,
 author = {Findlay, Ronald},
 year = {1978},
 title = {Relative Backwardness, Direct Foreign Investment, and the Transfer of Technology: A Simple Dynamic Model},
 pages = {1--16},
 volume = {92},
 number = {1},
 journal = {Quarterly Journal of Economics}
}


@incollection{Findlay.1984,
 author = {Findlay, Ronald},
 year = {1984},
 title = {Growth and Development in Trade Models},
 keywords = {Au{\ss}enwirtschaftstheorie;Wirtschaftswachstum;Entwicklung;Theorie},
 pages = {185--236},
 volume = {1},
 publisher = {Elsevier},
 editor = {Grossman, Gene M. and Rogoff, K.},
 booktitle = {Handbook of International Economics},
 address = {Amsterdam}
}


@book{Fischer.1972,
 author = {Fischer, W.},
 year = {1972},
 title = {Wirtschaft und Gesellschaft im Zeitalter der Industrialisierung: Aufs{\"a}tze - Studien - Vortr{\"a}ge},
 publisher = {Vandenhoeck {\&} Ruprecht},
 isbn = {9783647359519}
}


@book{Flassbeck.2010,
 author = {Flassbeck, Heiner},
 year = {2010},
 title = {Die Marktwirtschaft des 21. Jahrhunderts},
 keywords = {Finanzmarktkrise;Kritik;Marktwirtschaft;Nachhaltige Entwicklung;Reform;Soziale Marktwirtschaft;Wirtschaftsdemokratie;Wirtschaftskrise;Wirtschaftsliberalismus;Wirtschaftspolitik},
 address = {Frankfurt/Main},
 publisher = {Westend Verl.},
 isbn = {3938060549}
}


@article{Foster.1995,
 author = {Foster, Andrew Dudley and Rosenzweig, Mark Richard},
 year = {1995},
 title = {Learning by Doing and Learning from Others: Human Capital and Technical Change in Agriculture},
 keywords = {Lernprozess;Gr{\"u}ne Revolution;Agrartechnik;Theorie;Sch{\"a}tzung;Indien},
 pages = {1176--1209},
 number = {103},
 journal = {Journal of Political Economy}
}


@book{Franke.2013,
 author = {Franke, W. and Staiger, B.},
 year = {2013},
 title = {China: Gesellschaft --- Politik --- Staat --- Wirtschaft},
 publisher = {VS Verlag f{\"u}r Sozialwissenschaften},
 isbn = {9783322837677}
}


@article{Frankel.1999,
 author = {Frankel, Jeffrey A. and Romer, David},
 year = {1999},
 title = {Does Trade Cause Growth?},
 keywords = {Au{\ss}enhandel;Nationaleinkommen;Wirtschaftswachstum;Theorie;Sch{\"a}tzung;Welt;Wirtschaft : Allgemeines},
 pages = {379--399},
 volume = {89},
 number = {3},
 journal = {American Economic Review}
}


@book{Freeman.1982,
 author = {Freeman, Christopher},
 year = {1982},
 title = {The Economics of Industrial Innovation},
 keywords = {Technological innovations;Economic aspects;Innovation;Betrieb},
 address = {Cambridge, Mass.},
 edition = {2. ed},
 publisher = {MIT Press},
 isbn = {0262060833}
}


@book{Frenkel.1999,
 abstract = {enth.},
 author = {Frenkel, Michael R. and Hemmer, Hans-Rimbert},
 year = {1999},
 title = {Grundlagen der Wachstumstheorie},
 price = {ca. DM 58.00, ca. sfr 52.50, ca. S 423.00},
 keywords = {Wachstumstheorie;Endogenes Wachstumsmodell;Theorie;Deutschland;Lehrbuch;Wachstum;Wachstumstheorie / Lehrbuch;Neoklassische Wachstumstheorie;Endogene Wachstumstheorie},
 address = {M{\"u}nchen},
 publisher = {Vahlen},
 isbn = {380062396X},
 series = {Vahlens Handb{\"u}cher der Wirtschafts- und Sozialwissenschaften}
}


@book{Fuente.2008,
 author = {Fuente, Angel de},
 year = {2008},
 title = {Mathematical Methods and Models for Economists},
 keywords = {Wirtschaftsmathematik;Wirtschaftswissenschaften;Mathematisches Modell;Statistik;Finanzmathematik;Theorie;Lehrbuch;Economics;Statistical methods;Mathematical models},
 address = {Cambridge},
 edition = {11. print},
 publisher = {Cambridge Univ. Press},
 isbn = {9780521585125}
}


@article{Funke.2000,
 author = {Funke, Michael and Strulik, Holger},
 year = {2000},
 title = {On Endogenous Growth with Physical Capital, Human Capital and Product Variety},
 keywords = {Endogenes Wachstumsmodell;Humankapital;Theorie;Europ{\"a}ische Integration;Europ{\"a}ische Wirtschaft;Europ{\"a}ische W{\"a}hrungsunion;EU-Staaten},
 pages = {491--515},
 volume = {44},
 number = {3},
 issn = {00142921},
 journal = {European Economic Review}
}


@article{Galor.1997,
 author = {Galor, Oded and Tsiddon, Daniel},
 year = {1997},
 title = {Technological Progress, Mobility, and Economic Growth},
 keywords = {Technischer Fortschritt;Einkommensverteilung;Overlapping Generations;Neue Wachstumstheorie;Theorie;Wirtschaft : Allgemeines},
 pages = {363--382},
 number = {87},
 journal = {American Economic Review}
}


@article{Galor.2000,
 author = {Galor, Oded and Weil, David N.},
 year = {2000},
 title = {Population, Technology, and Growth: From Malthusian Stagnation to the Demographic Transition and Beyond},
 keywords = {Wachstumstheorie;Lebensstandard;Technischer Fortschritt;Bev{\"o}lkerungsentwicklung;Fertilit{\"a}t;Familien{\"o}konomik;Theorie;Wirtschaft : Allgemeines},
 pages = {806--828},
 volume = {90},
 number = {4},
 journal = {American Economic Review}
}


@incollection{Galor.2005,
 author = {Galor, Oded},
 title = {From Stagnation to Growth: Unified Growth Theory},
 publisher = {Elsevier},
 isbn = {978-0-444-52043-2},
 editor = {Aghion, Philippe and Durlauf, Steven N.},
 booktitle = {Handbook of Economic Growth},
 year = {2005},
 address = {Amsterdam [u.a.]}
}


@article{Galor.2006,
 author = {Galor, Oded and Mountford, Andrew},
 year = {2006},
 title = {Trade and the Great Divergence: The Family Connection},
 keywords = {Internationale Wirtschaft;Industrialisierung;Humankapital;Overlapping Generations;Theorie;Demographischer {\"U}bergang;Wirtschaft : Allgemeines},
 pages = {299--303},
 volume = {96},
 number = {2},
 journal = {American Economic Review}
}


@article{Galor.2008,
 F {Galor, Oded and Mountford, Andrew},
 year = {2008},
 title = {Trading Population for Productivity: Theory and Evidence},
 keywords = {Internationale Wirtschaft;Industrialisierung;Internationale Arbeitsteilung;Humankapital;Technischer Fortschritt;Welt;Demographischer {\"U}bergang},
 pages = {1143--1179},
 volume = {75},
 number = {4},
 journal = {Review of Economic Studies}
}


@book{Galor.2011,
 author = {Galor, Oded},
 year = {2011},
 title = {Unified Growth Theory},
 price = {alk. paper},
 keywords = {Economic development;Technological innovations;Economic aspects;Wachstumstheorie;Wohlfahrtstheorie;Konjunkturtheorie;Dogmengeschichte;Theorie},
 address = {Princeton, NJ},
 publisher = {Princeton Univ. Press},
 isbn = {9780691130026}
}


@unpublished{Galor.2014,
 author = {Galor, Oded},
 year = {2014},
 title = {Growth and Comparative Development},
 address = {AEA}
}


@book{Gandolfo.1998,
 author = {Gandolfo, Giancarlo},
 year = {1998},
 title = {International Trade Theory and Policy: With 12 Tables},
 price = {DM 79.00},
 keywords = {Reale Au{\ss}enwirtschaftstheorie;Au{\ss}enhandelspolitik;Welthandel;Lehrbuch;Handel;Au{\ss}enwirtschaft;Au{\ss}enhandel;Au{\ss}enhandelstheorie;Au{\ss}enwirtschaftstheorie;Au{\ss}enwirtschaftspolitik;Au{\ss}enwirtschaft, Lehrbuch},
 address = {Berlin},
 publisher = {Springer},
 isbn = {3540643168}
}


@book{Gerschenkron.1962,
 author = {Gerschenkron, Alexander},
 year = {1952},
 title = {Economic Backwardness in Historical Perspective},
 keywords = {Industrie;Wirtschaft;Sowjetunion;Bulgarien;Italien;Industries;Soviet Union;Italy;Bulgaria;Economic conditions;Aufsatzsammlung;Geschichte;Pasternak, Boris;Romeo, Rosario;Wirtschaftswachstum;Industrialisierung;Europa Italien Bulgarien;Literaturgattung;Prosa;UdSSR;Wirtschaftsgeschichte;Mittel- und Osteuropa (MOEL);Entwicklung},
 address = {Cambridge and Mass},
 publisher = {Belknap Press of Harvard Univ. Press}
}


@book{Glass.1999,
 author = {Glass, Amy Jocelyn},
 year = {1999},
 title = {Imitation as a Stepping Stone to Innovation},
 keywords = {Imitation;Technological innovations},
 address = {Columbus, Ohio},
 volume = {99-11},
 series = {Working paper},
 institution = {Dept. of Economics, Ohio State University}
}


@article{Glomm.1992,
 author = {Glomm, Gerhard and Ravikumar, B.},
 year = {1992},
 title = {Public versus Private Investment in Human Capital: Endogenous Growth and Income Inequality},
 keywords = {Humankapital;Bildungsinvestition;Bildungs{\"o}konomik;Endogenes Wachstumsmodell;Verteilungstheorie;Overlapping Generations;Theorie},
 pages = {813--834},
 number = {100},
 journal = {Journal of Political Economy}
}


@article{Golub.2000,
 author = {Golub, Stephen S. and Hsieh, Chang-tai},
 year = {2000},
 title = {Classical Ricardian Theory of Comparative Advantage Revisited},
 keywords = {Komparativer Vorteil;Arbeitsproduktivit{\"a}t;Lohnst{\"u}ckkosten;Theorie;Sch{\"a}tzung;USA;Universit{\"a}tsbibliographie},
 pages = {221--234},
 volume = {8},
 number = {2},
 journal = {Review of international economics}
}


@article{Griffith.2004,
 author = {Griffith, Rachel and Redding, Stephen and {van~Reenen}, John},
 year = {2004},
 title = {Mapping the Two Faces of R{\&}D: Productivity Growth in a Panel of OECD Industries},
 keywords = {Forschung;Produktivit{\"a}t;Wirtschaftliche Konvergenz;Wirtschaftswachstum;Innovation;Humankapital;Theorie;Sch{\"a}tzung;OECD-Staaten},
 pages = {883--895},
 volume = {86},
 number = {4},
 journal = {The review of economics and statistics}
}


@book{Grossman.,
 title = {Handbook of International Economics},
 address = {Amsterdam},
 publisher = {Elsevier},
 editor = {Grossman, Gene M. and Rogoff, K.}
}


@article{Grossman.1989a,
 author = {Grossman, Gene M. and Helpman, Elhanan},
 year = {1989a},
 title = {Product Development and International Trade},
 keywords = {Innovation;Au{\ss}enhandel mit Industrieg{\"u}tern;Au{\ss}enwirtschaftstheorie;Endogenes Wachstumsmodell;Theorie},
 pages = {1261--1283},
 number = {97},
 journal = {Journal of Political Economy}
}


@article{Grossman.1990,
 author = {Grossman, Gene M.},
 year = {1990},
 title = {Explaining Japan's Innovation and Trade: A Model of Quality Competition and Dynamic Comparative Advantage},
 keywords = {Innovation;Au{\ss}enhandel mit Industrieg{\"u}tern;Industrieforschung;Forschungsfinanzierung;Japan},
 pages = {75--100},
 volume = {8},
 number = {2},
 journal = {Monetary and economic studies}
}


@article{Grossman.1990b,
 author = {Grossman, Gene M. and Helpman, Elhanan},
 year = {1990b},
 title = {Trade, Innovation, and Growth},
 keywords = {Au{\ss}enwirtschaftstheorie;Endogenes Wachstumsmodell;Theorie},
 pages = {86--91},
 volume = {80},
 number = {2},
 journal = {American Economic Review}
}


@article{Grossman.1990c,
 author = {Grossman, Gene M. and Helpman, Elhanan},
 year = {1990c},
 title = {Trade, Knowledge Spillovers, and Growth},
 keywords = {Internationale Wirtschaft;Technologietransfer;Wirtschaftswachstum;Theorie;Europ{\"a}ische Integration;Europ{\"a}ische Wirtschaft;Europ{\"a}ische W{\"a}hrungsunion;EU-Staaten},
 pages = {517--526},
 volume = {5},
 number = {35},
 issn = {00142921},
 journal = {European Economic Review}
}


@article{Grossman.1990d,
 author = {Grossman, Gene M. and Helpman, Elhanan},
 year = {1990d},
 title = {Comparative Advantage and Long-Run Growth},
 keywords = {Exportinduziertes Wachstum;Technischer Fortschritt;Endogenes Wachstumsmodell;Theorie},
 pages = {796--815},
 volume = {80},
 number = {4},
 journal = {American Economic Review}
}


@article{Grossman.1991a,
 author = {Grossman, Gene M. and Helpman, Elhanan},
 year = {1991a},
 title = {Quality Ladders and Product Cycles},
 keywords = {Technology transfer;Technological innovations;Profit;Quality of products;Product life cycle;Stochastic processes Au{\ss}enhandel mit Industrieg{\"u}tern;Endogenes Wachstumsmodell;Innovation;Produktqualit{\"a}t;Technologietransfer;Theorie},
 pages = {557--586},
 volume = {106},
 journal = {Review of Economic Studies}
}


@book{Grossman.1991b,
 author = {Grossman, Gene M. and Helpman, Elhanan},
 year = {1991b},
 title = {Innovation and Growth in the Global Economy},
 price = {(hc.)},
 keywords = {Weltwirtschaft;Technischer Fortschritt;Wirtschaftswachstum},
 address = {Cambridge Mass. u.a},
 publisher = {The MIT Press},
 isbn = {0-262-57097-1}
}


@article{Grossman.1991c,
 author = {Grossman, Gene M. and Helpman, Elhanan},
 year = {1991c},
 title = {Quality Ladders in the Theory of Growth},
 keywords = {Endogenes Wachstumsmodell;Produktqualit{\"a}t;Technischer Fortschritt;Produktgestaltung;Theorie},
 pages = {43--61},
 number = {58},
 journal = {Review of Economic Studies}
}


@incollection{Grossman.1995,
 author = {Grossman, Gene M. and Helpman, Elhanan},
 title = {Technology and Trade},
 year = {1995},
 keywords = {Technischer Fortschritt;Au{\ss}enwirtschaftstheorie;Theorie},
 pages = {1279--1337},
 volume = {3 (1995)},
 publisher = {Elsevier},
 editor = {Grossman, Gene M. and Rogoff, K.},
 booktitle = {Handbook of International Economics},
 address = {Amsterdam}
}


@article{Grossman1989b.,
 author = {Grossman, Gene M. and Helpman, Elhanan},
 year = {1989b},
 title = {Growth and Welfare in a Small Open Economy},
 keywords = {Exportinduziertes Wachstum;Au{\ss}enwirtschaftspolitik;Industriepolitik;Offene Volkswirtschaft;Theorie},
 number = {2970},
 journal = {nber working paper series}
}


@article{Grubel.1967,
 author = {Grubel, Herbert G.},
 year = {1967},
 title = {Intra-industry Specialization and the Pattern of Trade},
 pages = {374--388},
 volume = {23},
 journal = {Canadian Journal of Economics and Political Science}
}


@article{Grubel.1970,
 abstract = {Corden, W. M.: Comment. S. 52-54},
 author = {Grubel, Herbert G. and Corden, W. M.},
 year = {1970},
 title = {The Theory of Intra-industry Trade},
 keywords = {Industrieaussenhandel},
 pages = {35--51},
 journal = {Studies in international economics : Monash conference papers}
}


@article{Gruber.1970,
 author = {Gruber, William H. and Vernon, Raymond},
 year = {1970},
 title = {The Technology Factor in a World Trade Matrix},
 keywords = {Industrieaussenhandel;Aussenwirtschaftstheorie;Industrieforschung},
 pages = {233--272},
 journal = {nber working paper series}
}


@article{Guvenen.2012,
 author = {Guvenen, Fatih and Kuru{\c{s}}{\c{c}}u, Burhanettin},
 year = {2012},
 title = {Understanding the Evolution of the US Wage Distribution: A Theoretical Analysis},
 keywords = {Lohnstruktur;Humankapital;Bildungsverhalten;Technischer Fortschritt;Overlapping Generations;USA},
 pages = {482--517},
 volume = {10},
 number = {3},
 journal = {Journal of the European Economic Association}
}


@article{Ha.2002,
 author = {Ha, J.},
 year = {2002},
 title = {From Factor Accumulation to Innovation: Sustained Economic Growth with Changing Components},
 journal = {Brown University}
}


@article{Hansen.2002,
 author = {Hansen, Gary D. and Prescott, Edward C.},
 year = {2002},
 title = {Malthus to Solow},
 keywords = {Wachstumstheorie;Bev{\"o}lkerungsentwicklung;Wirtschaftsstufentheorie;Technischer Fortschritt;Overlapping Generations;Theorie;Wirtschaftswachstum;USA;Gro{\ss}britannien;Wirtschaft : Allgemeines},
 pages = {1205--1217},
 volume = {92},
 number = {4},
 journal = {American Economic Review}
}


@article{Harrod.1939,
 author = {Harrod, Roy Forbes},
 year = {1939},
 title = {An Essay in Dynamic Theory},
 pages = {14--33},
 volume = {49},
 journal = {Economic Journal : The Journal of the Royal Economic Society}
}


@article{Hassler.2000,
 author = {Hassler, John and {Rodriguez,~Mora,~Jose~V.}},
 year = {2000},
 title = {Intelligence, Social Mobility, and Growth},
 keywords = {Soziale Mobilit{\"a}t;Generationengerechtigkeit;Humanressourcen;Wirtschaftswachstum;Theorie;Wirtschaft : Allgemeines},
 pages = {888--908},
 volume = {90},
 number = {4},
 journal = {American Economic Review}
}


@article{Heckman.1998,
 author = {Heckman, James J. and Lochner, Lance and Taber, Christopher R.},
 year = {1998},
 title = {Tax Policy and Human Capital Formation},
 keywords = {Steuerreform;Flat Tax;Bildungsinvestition;Theorie;Wirtschaft : Allgemeines},
 pages = {293--297},
 number = {88},
 journal = {American Economic Review}
}


@book{Heckscher.1919,
 author = {Heckscher, Eli F.},
 year = {1919},
 title = {The Effect of Foreign Trade on the Distribution of Income},
 keywords = {Au{\ss}enwirtschaftstheorie;Verteilungstheorie;Hecksche-Ohlin-Samuelsen Theorie}
}


@book{Heilbroner.2011,
 author = {Heilbroner, R. L.},
 year = {2011},
 title = {Die Denker der Wirtschaft: Ideen und Konzepte der gro{\ss}en Wirtschaftsphilosophen},
 publisher = {FinanzBuch Verlag},
 isbn = {9783862487981}
}


@book{Helpman.2004,
 author = {Helpman, Elhanan},
 year = {2004},
 title = {The Mystery of Economic Growth},
 url = {http://www.gbv.de/dms/faz-rez/FD220051021395741.pdf},
 keywords = {Wachstumstheorie;Wirtschaftswachstum;Theorie;Welt;Economic development;Saving and investment;Production (Economic Theory);Wirtschaft;Wachstum;Entwicklung;Wachtumstheorie;Wirtschaftsforschung / economic research;Wirtschaftsentwicklung / economic development;Wirtschaftswissenschaft / economics;Wirtschaftswachstum / economic growth},
 address = {Cambridge, Mass.},
 publisher = {Belknap Press of Harvard Univ. Press},
 isbn = {067401572X}
}


@book{Helpman.2011,
 author = {Helpman, Elhanan},
 year = {2011},
 title = {Understanding Global Trade},
 keywords = {International trade;Investments, Foreign;Globalization;Welthandel;Marktstruktur;Reale Au{\ss}enwirtschaftstheorie;Au{\ss}enwirtschaftstheorie;Theorie},
 address = {Cambridge, Mass.},
 publisher = {Belknap Press},
 isbn = {9780674060784}
}


@article{Hesse.2001,
 author = {Hesse, Helmut},
 year = {2001},
 title = {Wirtschaftspolitische Herausforderungen an der Jahrhundertwende durch die Internationalisierung der Produktion},
 keywords = {Auslandsinvestition;Internationale Produktion;Globalisierung;Internationale Wirtschaftspolitik;Ordnungspolitik;Welt},
 pages = {345--360},
 journal = {Wirtschaftspolitische Herausforderungen an der Jahrhundertwende}
}


@book{Hesselbein.2000,
 author = {Hesselbein, Gabi},
 year = {2000},
 title = {M{\"a}rkte, Staaten, Welt der Menschen: Wie universal ist Globalisierung?},
 keywords = {Aufsatzsammlung;Entwicklungsl{\"a}nder;Globalisierung;Industriestaaten;Internationale Zusammenarbeit;Internationalisierung;Kapitalismus;Nationalstaat;Nord-S{\"u}d-Beziehungen;Pluralismus;Politischer Konflikt;Schwellenl{\"a}nder;Sozialer Wandel;Staatliche Einflussnahme;Welt;Weltwirtschaft;Weltwirtschaftspolitik;Zukunftsforschung},
 address = {M{\"u}nster [u.a.]},
 volume = {Bd. 1},
 publisher = {Lit},
 isbn = {9783825850692},
 series = {Hamburger Schriften zu Wirtschaft und Politik}
}


@book{Hicks.1932,
 author = {Hicks, John},
 year = {1932},
 title = {The Theory of Wages},
 address = {London},
 publisher = {MacMillan}
}


@article{Hicks.1968,
 author = {Hicks, John Richard},
 year = {1968},
 title = {The Long-run Dollar Problem},
 pages = {441--454},
 journal = {Readings in international economics : selected by a committee of the American Economic Association}
}


@article{Howitt.2000,
 author = {Howitt, Peter},
 year = {2000},
 title = {Endogenous Growth and Cross-Country Income Differences},
 keywords = {Endogenes Wachstumsmodell;Technologietransfer;Wirtschaftliche Konvergenz;Theorie;Schumpeterismus;Wirtschaft : Allgemeines},
 pages = {829--846},
 volume = {90},
 number = {4},
 journal = {American Economic Review}
}


@article{Howitt.2005,
 author = {Howitt, Peter and Mayer-Foulkes, David},
 year = {2005},
 title = {R{\&}D, Implementation, and Stagnation: A Schumpeterian Theory of Convergence Clubs},
 keywords = {Wirtschaftliche Konvergenz;Wachstumstheorie;Industrieforschung;Schumpeterismus},
 pages = {147--177},
 volume = {37},
 number = {1},
 journal = {Journal of Money, Credit and Banking}
}


@book{Huther.2006,
 year = {2006},
 title = {Klassiker der {\"O}konomie: Von Adam Smith bis Amartya Sen},
 keywords = {Wirtschaftstheorie;Wirtschaftswissenschaftler;Geschichte 1776-1981;Aufsatzsammlung;Biographie;Geschichte},
 address = {Bonn},
 volume = {611},
 publisher = {Bundeszentrale f{\"u}r Politische Bildung},
 isbn = {3893317597},
 series = {Schriftenreihe / Bundeszentrale f{\"u}r Politische Bildung},
 editor = {H{\"u}ther, Michael}
}


@book{IBP.2013,
 author = {IBP, I.},
 year = {2013},
 title = {Haiti Land Ownership and Agricultural Laws Handbook - Strategic Information and Basic Laws},
 publisher = {International Business Publications, USA},
 isbn = {9781438759166}
}


@book{InternationalMonetaryFund.2007,
 author = {{International~Monetary~Fund}},
 year = {2007},
 title = {International Monetary Fund Annual Report 2006: Making the Global Economy Work for All},
 publisher = {International Monetary Fund},
 isbn = {9781451970449}
}


@book{Irwin.2009,
 author = {Irwin, Douglas A.},
 year = {2009},
 title = {Free Trade Under Fire},
 price = {alk. paper},
 keywords = {Free trade;Globalization;Au{\ss}enhandel;Handelspolitik;Industrie;Produktivit{\"a}t;Besch{\"a}ftigung;Freihandel;Au{\ss}enwirtschaftspolitik;Internationale Handelspolitik;Handelsliberalisierung;Globalisierung;WTO-Recht;Protektionismus;USA;Entwicklungsl{\"a}nder;United States;Commercial policy},
 address = {Princeton, NJ},
 edition = {3. ed},
 publisher = {Princeton Univ. Press},
 isbn = {9780691143156}
}


@book{Jacobs.1970,
 author = {Jacobs, Jane},
 year = {1970},
 title = {The Economy of Cities},
 keywords = {Stadtentwicklung;USA;Cities and towns;Growth;Industry;Social aspects;Economic development},
 address = {London},
 publisher = {Jonathan Cape}
}


@book{Jensen.1997,
 year = {1997},
 title = {Dynamics, Economic Growth, and International Trade},
 url = {http://www.loc.gov/catdir/description/umich051/97038512.html},
 keywords = {International trade;Econometric models;Economic development;Au{\ss}enhandel;Faktormobilit{\"a}t;Wachstum und Au{\ss}enwirtschaft;Technischer Fortschritt;Modell;Handel},
 address = {Ann Arbor, Mich.},
 publisher = {Univ. of Michigan Press},
 isbn = {0472109189},
 series = {Studies in international economics},
 editor = {{Jensen,~Bjarne~S.Wong~K.-Y.}}
}


@article{Johnson.1959,
 author = {Johnson, Harry Gordon},
 year = {1959},
 title = {Economic Development and International Trade},
 pages = {253--272},
 volume = {97},
 number = {5/6},
 journal = {National{\o}konomisk tidsskrift}
}


@article{Johnson.1969,
 author = {Johnson, Harry Gordon},
 year = {1969},
 title = {The Standard Theory of Tariffs},
 keywords = {Universit{\"a}tsbibliographie},
 pages = {333--352},
 volume = {2},
 journal = {Canadian Journal of Economics}
}


@article{Jones.1965,
 author = {Jones, Ronald W.},
 year = {1965},
 title = {The Structure of Simple General Equilibrium models},
 pages = {557--572},
 volume = {73},
 number = {6},
 journal = {Journal of Political Economy}
}


@article{Jones.1970,
 abstract = {Bhagwati, Jagdish N.: Comment. S. 93-94},
 author = {Jones, Ronald W. and Bhagwati, Jagdish N.},
 year = {1970},
 title = {The Role of Technology in the Theory of International Trade},
 keywords = {Aussenwirtschaftstheorie;Technik},
 pages = {73--92},
 journal = {nber working paper series}
}


@incollection{Jones.1979,
 author = {Jones, A. J.},
 year = {1979},
 title = {The Theory of Economic Integration},
 keywords = {Wirtschaftsunion},
 pages = {193--213},
 booktitle = {Inflation, Development and Integration Hsg. Bowers J.K.}
}


@article{Jones.1984,
 author = {Jones, Ronald W. and Neary, J. Peter},
 year = {1984},
 title = {The Positive Theory of International Trade},
 keywords = {Aussenhandel},
 pages = {1--62},
 volume = {1},
 journal = {Handbook of international economics}
}


@article{Jones.1995a,
 author = {Jones, Charles Irving},
 year = {1995a},
 title = {Time Series Tests of Endogenous Growth Models},
 keywords = {Endogenes Wachstumsmodell;Theorie;Sch{\"a}tzung;Zeitreihenanalyse;USA},
 pages = {495--525},
 volume = {110},
 number = {441},
 journal = {Quarterly Journal of Economics}
}


@article{Jones.1995b,
 author = {Jones, Charles Irving},
 year = {1995b},
 title = {R{\&}D-Based Models of Economic Growth},
 keywords = {Endogenes Wachstumsmodell;Industrieforschung;Skalenertrag;Theorie},
 pages = {759--784},
 volume = {103},
 journal = {Journal of Political Economy}
}


@incollection{Jones.2005,
 author = {Jones, Charles I.},
 title = {Growth and Ideas},
 keywords = {Erfindung;Kreativit{\"a}t;Wachstumstheorie;Allokation;Skalenertrag},
 pages = {1063--1111},
 publisher = {Elsevier},
 isbn = {978-0-444-52043-2},
 booktitle = {Handbook of Economic Growth},
 year = {2005},
 address = {Amsterdam [u.a.]}
}


@article{Keller.2004,
 author = {Keller, Wolfgang},
 year = {2004},
 title = {International Technology Diffusion},
 keywords = {Innovationsdiffusion;Technischer Fortschritt;Endogenes Wachstumsmodell;Theorie;luenpub;Wirtschaft : Allgemeines},
 pages = {752--782},
 volume = {42},
 number = {3},
 journal = {Journal of Economic Literature}
}


@book{Kemp.1969,
 author = {Kemp, Murray C.},
 year = {1969},
 title = {The Pure Theory of International Trade and Investment},
 keywords = {Aussenwirtschaftstheorie;Wirtschaftswachstum;Kapitalanlage im Ausland Auslandskapital im Inland},
 address = {Englewood Cliffs, NJ},
 publisher = {Prentice-Hall}
}


@book{Kessler.2009,
 author = {Kessler, J. and Steiner, C.},
 year = {2009},
 title = {Facetten der Globalisierung: Zwischen {\"O}konomie, Politik und Kultur},
 publisher = {VS Verlag f{\"u}r Sozialwissenschaften},
 isbn = {9783531162614}
}


@book{King.2005,
 author = {King, Alexander},
 year = {2005},
 title = {R{\"a}umliche Mobilit{\"a}t in Haiti zwischen Paysannerie und Weltmarkt: Wandel der Beziehungen zwischen Land, Stadt und Ausland unter dem Einfluss der Globalisierung am Beispiel des Verflechtungsraums von Cap Ha{\"i}tien ; mit 33 Tabellen},
 keywords = {L{\"a}ndlicher Raum;Mobilit{\"a}t;Stadt;Globalization;Economic aspects;Social aspects;Landflucht;Arbeitsmigranten;Kapitalismus;Globalisierung;Haiti;Economic conditions;1971-;Economic policy},
 address = {T{\"u}bingen},
 volume = {27},
 publisher = {Selbstverl. des Geograph. Inst. der Univ},
 isbn = {3881210733},
 series = {T{\"u}binger Beitr{\"a}ge zur geographischen Lateinamerika-Forschung}
}


@article{Kontolaimou.2015,
 author = {Kontolaimou, Alexandra and Giotopoulos, Ioannis and Tsakanikas, Aggelos},
 year = {2015},
 title = {A Typology of European Countries Based on Innovation Efficiency and Technology Gaps: The Role of Early-Stage Entrepreneurship},
 pages = {477--484},
 volume = {52},
 issn = {02649993},
 journal = {Economic Modelling},
 doi = {10.1016/j.econmod.2015.09.028}
}


@article{Krueger.2001,
 author = {Krueger, Alan B. and Lindahl, Mikael},
 year = {2001},
 title = {Education for Growth: Why and for whom?},
 keywords = {Bildungsertrag;Wirtschaftswachstum;Theorie;luenpub;Wirtschaft : Allgemeines},
 pages = {1101--1136},
 volume = {39},
 number = {4},
 journal = {Journal of Economic Literature}
}


@article{Krugman.1979ab,
 author = {Krugman, Paul},
 year = {1979a},
 title = {A Model of Innovation, Technology Transfer, and the World Distribution of Income},
 pages = {253--266},
 volume = {87},
 number = {2},
 journal = {Journal of Political Economy}
}


@article{Krugman.1979b,
 author = {Krugman, Paul},
 year = {1979b},
 title = {International Trade and Income Distribution: A Reconsideration},
 keywords = {Aussenwirtschaft;Einkommensverteilung},
 volume = {314},
 number = {356},
 journal = {nber working paper series}
}


@article{Krugman.1980,
 author = {Krugman, Paul},
 year = {1980},
 title = {Scale Economies, Product Differentiation, and the Pattern of Trade},
 pages = {950--959},
 volume = {70},
 number = {5},
 journal = {American Economic Review}
}


@article{Krugman.1981,
 author = {Krugman, Paul R.},
 year = {1981},
 title = {Intraindustry Specialization and the Gains from Trade},
 pages = {959--973},
 volume = {89},
 number = {5},
 journal = {Journal of Political Economy}
}


@misc{Krugman.1982,
 author = {Krugman, Paul},
 year = {1982},
 title = {A Technology Gap Model of International Trade},
 keywords = {Aussenwirtschaftstheorie;Technik Technologietransfer},
 address = {Yxtahohn, Sweden},
 institutions = {International Economic Association Conference on Structural Adjustment in Trade-dependent Advanced Economies}
}


@article{Krugman.1983,
 author = {Krugman, Paul},
 year = {1983},
 title = {New Theories of Trade among Industrial Countries},
 pages = {343--347},
 volume = {73},
 number = {2},
 journal = {American Economic Review}
}


@article{Krugman.1987,
 author = {Krugman, Paul Robin},
 year = {1987},
 title = {The Narrow Moving Band, the Dutch Disease, and the Competitive Consequences of Mrs. Thatcher: Notes on Trade in the Presence of Dynamic Economies},
 keywords = {Internationaler Wettbewerb;Rohstoffreichtum},
 pages = {41--45},
 journal = {Journal of development economics}
}


@book{Krugman.1990,
 author = {Krugman, Paul R.},
 year = {1990},
 title = {Rethinking international trade},
 keywords = {Internationaler Wettbewerb;Reale Au{\ss}enwirtschaftstheorie;Unvollkommene Information},
 address = {Cambridge, Mass.},
 edition = {2. print},
 publisher = {MIT Pr},
 isbn = {0262111489}
}


@article{Krugman.1991,
 author = {Krugman, Paul Robin},
 year = {1991},
 title = {Increasing Returns and Economic Geography},
 keywords = {Industriegeographie;Skalenertrag;Transportkosten;Theorie;Neue {\"o}konomische Geographie},
 pages = {483--499},
 journal = {Journal of Political Economy}
}


@book{Krugman.2010,
 abstract = {Die didaktische Revolution in der wirtschaftswissenschaftlichen Ausbildung. Mit ihrem erz{\"a}hlerischen Ansatz, der klaren Sprache und den lebensnahen Beispielen gelingt den renommierten Autoren eine unterhaltsame, spannende und {\"a}u{\ss}erst praxisorientierte Einf{\"u}hrung in die Volkswirtschaftslehre. Eine einleitende Geschichte zu Beginn jedes Kapitels erleichtert den Zugang zum jeweiligen Thema und hilft, die Inhalte besser im Ged{\"a}chtnis zu verankern. Alle vorgestellten Konzepte und Theorien werden durch realit{\"a}tsnahe, gut einpr{\"a}gsame Beispiele aus dem Wirtschaftsalltag veranschaulicht. In jedem Kapitel sichern eine durchgehende Praxis-Fallstudie, eine Kurzzusammenfassung und Kontrollfragen inklusive Antworten den optimalen Lernerfolg. Vertiefende Inhalte k{\"o}nnen bei Bedarf hinzugezogen werden. F{\"u}r Studenten ein unverzichtbares Grundlagenwerk.},
 author = {Krugman, Paul and Wells, Robin and John, Klaus Dieter},
 year = {2010},
 title = {Volkswirtschaftslehre},
 price = {EUR 49.95, ca. EUR 51.40 (AT), ca. sfr 77.00 (freier Pr.)},
 keywords = {Volkswirtschaftslehre;Volkswirtschaft;{\"O}konomie;Handbuch;Nachschlagewerk;Wirtschaftswissenschaft;Wirtschaftsstudium;Theorie;Lehrmaterial;Volkswirtschaftstheorie;Lehrbuch},
 address = {Stuttgart},
 publisher = {Sch{\"a}ffer-Poeschel},
 isbn = {9783791023397}
}


@book{Krugman.2015,
 author = {Krugman, Paul R. and Obstfeld, Maurice and Melitz, Marc J.},
 year = {2015},
 title = {Internationale Wirtschaft: Theorie und Politik der Au{\ss}enwirtschaft},
 price = {EUR 49.95 (DE)},
 keywords = {Au{\ss}enwirtschaft;Au{\ss}enwirtschaftstheorie;Au{\ss}enwirtschaftspolitik;Wechselkurstheorie;Offene Volkswirtschaft;Internationale Wirtschaftspolitik;Theorie;Lehrbuch;Weltwirtschaft},
 address = {Hallbergmoos},
 edition = {10},
 publisher = {Pearson},
 isbn = {9783863267612}
}


@article{Krugman.79,
 author = {Krugman, Paul},
 year = {1979},
 title = {Increasing Returns, Monopolistic Competition, and International Trade},
 keywords = {luenpub},
 pages = {469--479},
 volume = {9},
 number = {4},
 journal = {Journal of international economics}
}


@book{Kurz.2008,
 author = {Kurz},
 year = {2008},
 title = {Klassiker des {\"o}konomischen Denkens - Band 1},
 address = {M{\"u}nchen},
 edition = {1},
 volume = {1858},
 publisher = {Beck, C H},
 isbn = {9783406573576},
 series = {Beck'sche Reihe}
}


@book{Lachmann.1994,
 author = {Lachmann, Werner},
 year = {1994},
 title = {Entwicklungspolitik},
 keywords = {Weltwirtschaft / Entwicklungsl{\"a}nder},
 address = {M{\"u}nchen, Wien},
 publisher = {Oldenbourg},
 isbn = {3486229494}
}


@article{LadrondeGuevaraAntonio.1997,
 author = {{Ladrón~de~Guevara,~Antonio} and Ortigueira, Salvador and {Santos~Santos}, Manuel},
 year = {1997},
 title = {Equilibrium Dynamics in Two-sector Models of Endogenous Growth},
 keywords = {Endogenes Wachstumsmodell;Dynamisches Gleichgewicht;Theorie},
 pages = {115--143},
 number = {21},
 journal = {Journal of Economic Dynamics and Control}
}


@article{Lancaster.1980,
 author = {Lancaster, Kelvin},
 year = {1980},
 title = {Intra-Industry Trade Under Perfect Monopolistic Competition},
 pages = {151--175},
 volume = {10},
 number = {2},
 journal = {Journal of international economics}
}


@article{Leamer.1980,
 author = {Leamer, Edward E.},
 year = {1980},
 title = {The Leontief Paradox, Reconsidered},
 pages = {495--503},
 volume = {88},
 number = {3},
 journal = {Journal of Political Economy}
}


@book{Lee.1999,
 author = {Lee, H.},
 year = {1999},
 title = {Das Verm{\"o}gen und seine Verteilung in Korea aus sozialethischer Sicht},
 publisher = {Tectum-Verlag},
 isbn = {9783828880504}
}


@article{Leontief.1953,
 author = {Leontief, Wassily},
 year = {1953},
 title = {Domestic Production and Foreign Trade: The American Capital Position Reexamined},
 pages = {332--349},
 volume = {97},
 number = {4},
 journal = {Proceedings of the American Philosophical Society}
}


@article{Levine.1992,
 author = {Levine, Ross E. and Renelt, David},
 year = {1992},
 title = {A Sensitivity Analysis of Cross-country Growth Regressions},
 keywords = {Wirtschaftswachstum;Wirtschaftsindikator;Theorie},
 pages = {942--963},
 volume = {82},
 number = {4},
 journal = {American Economic Review}
}


@book{Lewis.1955,
 author = {Lewis, W. A.},
 year = {1955},
 title = {The Theory of Economic Growth},
 keywords = {Wachstumstheorie;Industries;Wirtschaftlicher Fortschritt},
 address = {London},
 publisher = {Allen {\&} Unwin}
}


@book{Lin.2007,
 author = {Lin{\ss}, Vera},
 year = {2007},
 title = {Die wichtigsten Wirtschaftsdenker},
 address = {Wiesbaden},
 publisher = {Marix-Verl.},
 isbn = {9783865399229},
 series = {Marixwissen}
}


@book{LittleIanMalcolmDavid.1970,
 author = {{Little,~Ian~Malcolm~David} and Scitovsky, Tibor and Scott, Maurice FitzGerald},
 year = {1970},
 title = {Industry and Trade in some Developing Countries: A Comparative Study},
 price = {90/-},
 keywords = {Industrialisierung;Industries;Entwicklungsl{\"a}nder;Developing countries;Commerce;Economic policy;Kongress;Madrid <1969>;Underdeveloped areas;Industriepolitik;Wirtschaftspolitik},
 address = {London},
 publisher = {Oxford Univ. Press},
 isbn = {0192153293}
}


@article{Lucas.1988,
 author = {Lucas, Robert E.},
 year = {1988},
 title = {On the Mechanics of Economic Development},
 keywords = {Entwicklungstheorie;Neue Wachstumstheorie;Theorie},
 pages = {3--42},
 number = {22},
 journal = {Journal of Monetary Economics}
}


@article{Lucas.1990,
 author = {Lucas, Robert E.},
 year = {1990},
 title = {Why Doesn't Capital Flow from Rich to Poor Countries?},
 pages = {92--96},
 number = {80},
 journal = {American Economic Review}
}


@article{Lucas.2007,
 abstract = {A model is proposed to describe the evolution of real GDPs in the world economy that is intended to apply to all open economies. The five parameters of the model are calibrated using the Sachs-Warner definition of openness and time-series and cross-section data on incomes and other variables from the 19th and 20th centuries. The model predicts convergence of income levels and growth rates and has strong but reasonable implications for transition dynamics.},
 author = {Lucas, Robert E.},
 year = {2007},
 title = {Trade and the Diffusion of the Industrial Revolution},
 keywords = {Wirtschaftswachstum;Nationaleinkommen;Industrialisierung;Offene Volkswirtschaft;Welt;Volkseinkommen},
 volume = {13286},
 number = {13286},
 journal = {nber working paper series}
}


@book{Lutz.2014,
 year = {2014},
 title = {World Population and Human Capital in the Twenty-first Century},
 price = {{\pounds}95.00},
 keywords = {Weltbev{\"o}lkerung;Bev{\"o}lkerungswachstum;Prognose;Bev{\"o}lkerungsentwicklung;Bev{\"o}lkerungsprognose;Humankapital;Welt;Educational attainment;Forecasting;Population forecasting;Aufsatzsammlung},
 address = {Oxford},
 edition = {1},
 publisher = {Oxford Univ. Press},
 isbn = {9780198703167},
 editor = {Lutz, Wolfgang}
}


@article{MacDougall.1952,
 author = {{MacDougall,~G.~D.~A.}},
 year = {1952},
 title = {British and American Exports: A Study Suggested by the Theory of Comparative Costs},
 keywords = {luenpub},
 pages = {487--521},
 volume = {62/1},
 journal = {Economic Journal : The Journal of the Royal Economic Society}
}


@book{Maddison.2001,
 author = {Maddison, Angus},
 year = {2001},
 title = {The World Economy: A Millennial Perspective},
 keywords = {Statistik},
 address = {Paris},
 publisher = {OECD},
 isbn = {9264186549},
 series = {Development Centre studies},
 institution = {Development Center}
}


@book{Malthus.1798,
 author = {Malthus, T. R.},
 year = {1798},
 title = {An Essay on the Principle of Population},
 address = {London},
 publisher = {W.Pickering}
}


@book{Malthus.1798b,
 year = {1798},
 title = {Das Bev{\"o}lkerungsgesetz},
 address = {M{\"u}nchen},
 publisher = {Deutscher Taschenbuch V},
 isbn = {3423060212},
 series = {dtv. 6021},
 editor = {Malthus, Thomas Robert}
}


@article{Mankiw.1992,
 author = {Mankiw, N. Gregory and Romer, David H. and Weil, David Nathan},
 year = {1992},
 title = {A Contribution to the Empirics of Economic Growth},
 keywords = {Endogenes Wachstumsmodell;Humankapital;Neoklassisches Wachstumsmodell;Lebensstandard;Theorie},
 pages = {407--437},
 number = {429},
 journal = {Quarterly Journal of Economics}
}


@book{Mankiw.2012,
 abstract = {Das Standardlehrbuch (Vorauflage in ID-G 39/08) der beiden angloamerikanischen Wirtschaftswissenschaftler wurde von A. Wagner und M. Herrmann, beide Universit{\"a}t Leipzig, sorgf{\"a}ltig {\"u}bersetzt und bearbeitet. Es ist umfassend, sehr gut verst{\"a}ndlich und enth{\"a}lt neben vielen Schaubildern etliche Fallstudien, so z.B. eine {\"u}ber die Griechenlandkrise. Zusammenfassungen, Stichw{\"o}rter, Wiederholungsfragen sowie Aufgaben und Anwendungen helfen den Studierenden die Kapitel jeweils zu repetieren. Die L{\"o}sungen f{\"u}r die Wiederholungsfragen sowie die Aufgaben und Anwendungen finden sich im separaten Arbeitsbuch (in dieser Nr.), das von M. Herrmann erarbeitet wurde. Es sollte mit dem Standardwerk gemeinsam angeboten werden. Die Vorauflagen sollten ersetzt werden, da die neue Auflage 2 wichtige Kapitel {\"u}ber die Finanzkrise und die keynesianische IS-LM-Analyse, ein sehr wichtiges Analyseinstrument, enth{\"a}lt. Das Buch kann neben {\dq}Grundz{\"u}ge der Volkswirtschaftslehre{\dq} (unter Mitarbeit von P. Bofinger: ID-B 4/11) und A. Heertje: {\dq}Grundlagen der Volkswirtschaftslehre{\dq} (ID-G 4/09) stehen. (3) (LK/OS: Dannert)

Gut verst{\"a}ndliches und umfassendes Standardlehrbuch zweier angloamerikanischer Wirtschaftswissenschaftler, das von Experten aus Leipzig sorgf{\"a}ltig {\"u}bersetzt und {\"u}berarbeitet wurde. (LK/OS: Dannert)},
 author = {Mankiw, Nicholas Gregory and Taylor, Mark P. and Wagner, Adolf and Herrmann, Marco},
 year = {2012},
 title = {Grundz{\"u}ge der Volkswirtschaftslehre},
 url = {http://www.vlb.de/GetBlob.aspx?strDisposition=a\&strIsbn=9783791030982},
 price = {EUR 39.95},
 keywords = {Volkswirtschaftslehre;Wirtschaftswissenschaft;Theorie;USA;Lehrbuch;Economics;Textbooks;Handbuch},
 address = {Stuttgart},
 edition = {5., {\"u}berarb. und erw. Aufl},
 publisher = {Sch{\"a}ffer-Poeschel},
 isbn = {9783791030982}
}


@article{Manuelli.2014,
 author = {Manuelli, Rodolfo E. and Seshadri, Ananth},
 year = {2014},
 title = {Human Capital and the Wealth of Nations},
 keywords = {Humankapital;Bildungsniveau;Verm{\"o}gen;Sch{\"a}tzung;Produktivit{\"a}t;Arbeitsproduktivit{\"a}t;Welt;Wirtschaft : Allgemeines},
 pages = {2736--2762},
 volume = {104},
 number = {9},
 journal = {American Economic Review}
}


@article{Maskus.1985,
 author = {Maskus, Keith E.},
 year = {1985},
 title = {A Test of the Heckscher-Ohlin-Vanek Theorem: The Leontief Commonplace},
 keywords = {Au{\ss}enwirtschaftstheorie;Kapitalintensit{\"a}t;Produktionsfunktion;Internationale Wirtschaft;USA;luenpub},
 pages = {201--2012},
 number = {19},
 journal = {Journal of international economics}
}


@article{Matsuyama.,
 author = {Matsuyama, Kiminori},
 year = {1992},
 title = {Agricultural Productivity, Comparative Advantage, and Economic Growth},
 keywords = {Endogenes Wachstumsmodell;Offene Volkswirtschaft;Theorie;Produktivit{\"a}t},
 pages = {317--334},
 volume = {58},
 journal = {Journal of Economic Theory}
}


@incollection{MayerFoulkes.2006,
 author = {Mayer-Foulkes, David},
 title = {Global Divergence},
 keywords = {Wirtschaftliche Konvergenz;Wirtschaftswachstum;Sch{\"a}tzung;Welt},
 pages = {29--59},
 publisher = {Nova Science Publ},
 isbn = {978-1-60021-103-4},
 booktitle = {International finance and monetary policy},
 year = {2006},
 address = {New York, NY}
}


@article{Melitz.2003,
 author = {Melitz, Marc J.},
 year = {2003},
 title = {The Impact of Trade on Intra-industry Reallocations and Aggregate Industry Productivity},
 keywords = {Allokation;Internationale Wirtschaft;Markteintritt;Branchenentwicklung;Produktivit{\"a}t;Handelsliberalisierung;Theorie},
 pages = {1695--1725},
 volume = {71},
 number = {6},
 issn = {00129682},
 journal = {Econometrica}
}


@article{Melvin.1969,
 author = {Melvin, James R.},
 year = {1969},
 title = {Increasing Returns to Scale as a Determinant of Trade},
 keywords = {Universit{\"a}tsbibliographie},
 pages = {389--402},
 volume = {2},
 journal = {Canadian Journal of Economics}
}


@book{Menzel.2013,
 author = {Menzel, U.},
 year = {2013},
 title = {Wirtschaft und Politik im modernen China: Eine Sozial- und Wirtschaftsgeschichte von 1842 bis nach Maos Tod},
 publisher = {VS Verlag f{\"u}r Sozialwissenschaften},
 isbn = {9783663142584}
}


@article{Mies.2013,
 author = {Mies, Veronica},
 year = {2013},
 title = {When Less is More: Optimal Technology Adoption Goals and the Stage of Development},
 journal = {Discussion Paper}
}


@book{Mill.1909,
 author = {Mill, John Stuart},
 year = {1909},
 title = {Principles of Political Economy},
 keywords = {Economics;Volkswirtschaftslehre},
 address = {London}
}


@article{Mincer.1974,
 author = {Mincer, Jacob},
 year = {1974},
 title = {Schooling, Experience, and Earnings},
 keywords = {Schulbildung;Fachwissen;Einkommensdisparit{\"a}t;USA;Income distribution;Mathematical models;United States;Human capital;Education;Economic aspects;Bildungs{\"o}konomie;Einkommen;Vereinigte Staaten},
 volume = {2},
 journal = {nber working paper series}
}


@book{Mokyr.1990,
 author = {Mokyr, Joel},
 year = {1990},
 title = {The Lever of Riches: Technological Creativity and Economic Progress},
 keywords = {Technological innovations;Economic aspects;History;Economic development;Technischer Fortschritt;Wirtschaftswachstum;Wirtschaftsentwicklung;Technology;Development;Economics;Geschichte;Technologie / Innovation / Geschichte;Wirtschaftsentwicklung / Geschichte},
 address = {New York, NY},
 publisher = {Oxford Univ. Press},
 isbn = {0195061136}
}


@article{Moretti.2004,
 author = {Moretti, Enrico},
 year = {2004},
 title = {Estimating the Social Return to Higher Education: Evidence from Longitudinal and Repeated Cross-sectional Data},
 keywords = {Bildungsertrag;Bildungsinvestition;Wohlfahrtsanalyse;USA;{\"O}konometrie;{\"O}konometrische Methode;{\"O}konometrisches Modell},
 pages = {175--212},
 volume = {121},
 number = {1/2},
 journal = {Journal of econometrics}
}


@book{Muller.2005,
 author = {M{\"u}ller, Johannes and Wallacher, Johannes},
 year = {2005},
 title = {Entwicklungsgerechte Weltwirtschaft: Perspektiven f{\"u}r eine sozial- und umweltvertr{\"a}gliche Globalisierung},
 price = {Kt. : EUR 25,00},
 keywords = {Globalisierung;Umweltvertr{\"a}glichkeit},
 address = {Stuttgart},
 volume = {7},
 publisher = {Kohlhammer},
 isbn = {3-17-018323-0},
 series = {Kon-Texte}
}


@article{Mundell.1957,
 author = {Mundell, Robert A.},
 year = {1957},
 title = {International Trade and Factor Mobility},
 pages = {321--335},
 volume = {47},
 number = {3},
 journal = {American Economic Review}
}


@article{Nelson.1959,
 author = {Nelson, Richard R.},
 year = {1959},
 title = {The Simple Economics of Basic Scientific Research},
 pages = {297--306},
 volume = {67},
 number = {3},
 journal = {Journal of Political Economy}
}


@article{Nelson.1966,
 author = {Nelson, Richard R. and Phelps, Edmund S.},
 year = {1966},
 title = {Investment in Humans, Technological Diffusion, and Ecoomic Growth},
 pages = {69--75},
 volume = {56},
 number = {2},
 journal = {American Economic Review}
}


@book{Ohlin.1933,
 author = {Ohlin, Bertil},
 year = {1933},
 title = {Interregional and International Trade},
 address = {Cambridge},
 volume = {39},
 publisher = {Harvard Univ. Pr},
 series = {Harvard economic Studies}
}


@article{ONeil.WashingtonDC,
 author = {O'Neil, Kevin},
 year = {2003},
 title = {Brain Drain and Gain: The Case of Taiwan},
 url = {Washington, DC},
 volume = {2003},
 journal = {Migration information source, Migration Policy Institute}
}


@article{Ortigueira.1997,
 author = {Ortigueira, Salvador and Santos~Santos, Manuel},
 year = {1997},
 title = {On the Speed of Convergence in Endogenous Growth Models},
 keywords = {Endogenes Wachstumsmodell;Neoklassisches Wachstumsmodell;Theorie;Wirtschaft : Allgemeines},
 pages = {383--399},
 volume = {87},
 number = {3},
 journal = {American Economic Review}
}


@article{Ortigueira.2002,
 author = {Ortigueira, Salvador and Santos~Santos,~Manuel~S.},
 year = {2002},
 title = {Equilibrium Dynamics in a Two-sector Model with Taxes},
 keywords = {Dynamisches Gleichgewicht;Endogenes Wachstumsmodell;Mehrsektoren-Modell;Steuerwirkung;Lohnsteuer;Theorie},
 pages = {99--119},
 volume = {105},
 number = {1},
 journal = {Journal of Economic Theory}
}


@book{Ostrom.1990,
 author = {Ostrom, Elinor},
 year = {1990},
 title = {Governing the Commons: The Evolution of Institutions for Collective Action},
 price = {(pbk.)},
 keywords = {Kollektiventscheidung},
 address = {Cambridge Mass. u.a.},
 edition = {1. publ},
 publisher = {Cambridge Univ. Press},
 isbn = {978-0-521-40599-7},
 series = {Political economy of institutions and decisions}
}


@article{Ott.2011,
 author = {Ott, Ingrid and Soretz, Susanne},
 year = {2011},
 title = {Public Policies and Convergence},
 keywords = {Bildungspolitik;Technologiepolitik;Wirtschaftliche Konvergenz;EU-Staaten},
 pages = {1435--1450},
 volume = {35},
 number = {9},
 journal = {Journal of Economic Dynamics and Control}
}


@article{Pavcnik.2002,
 author = {Pavcnik, Nina},
 year = {2002},
 title = {Trade Liberalization, Exit, and Productivity Improvements: Evidence from Chilean Plants},
 keywords = {Handelsliberalisierung;Produktivit{\"a}t;Chile},
 pages = {245--276},
 volume = {69},
 number = {1},
 journal = {Review of Economic Studies}
}


@article{Peri.2004,
 author = {Peri, Giovanni and Urban, Dieter},
 year = {2004},
 title = {Catching-up to Foreign Technology? Evidence on the {\dq}Veblen-Gerschenkron{\dq} Effect of Foreign Investments},
 keywords = {Auslandsinvestition;Technologietransfer;Spillover-Effekt;Produktivit{\"a}t;Sch{\"a}tzung;Deutschland;Italien;Investments, Foreign;Economic aspects;Germany;Italy;Technological innovations;Manufacturing industries;Germany (West);Direktinvestition},
 volume = {10893},
 journal = {nber working paper series}
}


@book{Pontryagin.1964,
 author = {Pontryagin, L. S.},
 year = {1964},
 title = {The Mathematical Theory of Optimal Processes},
 keywords = {Mathematical optimization;Maximumprinzip;Optimale Prozesse;Markoff-Prozesse;Statistische Kontrollprobleme},
 address = {New York},
 publisher = {MacMillan}
}


@article{Pritchett.1997,
 author = {Pritchett, Lant Hayward},
 year = {1997},
 title = {Divergence, Big Time},
 keywords = {Wirtschaftswachstum;Wirtschaftliche Konvergenz;Welt;Wirtschaft : Allgemeines},
 pages = {3--17},
 volume = {11},
 journal = {Journal of Economic Perspectives}
}


@article{Quah.1993,
 author = {Quah, Danny},
 year = {1993},
 title = {Empirical Cross-section Dynamics in Economic Growth},
 pages = {426--434},
 volume = {37},
 number = {2-3},
 issn = {00142921},
 journal = {European Economic Review},
 doi = {10.1016/0014-2921(93)90031-5}
}


@article{Quah.1996,
 author = {Quah, Danny T.},
 year = {1996},
 title = {Twin Peaks: Growth and Convergence in Models of Distribution Dynamics},
 keywords = {Wirtschaftliche Konvergenz;Theorie;luenpub},
 pages = {1045--1055},
 number = {437},
 journal = {Economic Journal : The Journal of the Royal Economic Society}
}


@article{Quah.1997,
 author = {Quah, Danny T.},
 year = {1997},
 title = {Empirics for Growth and Distribution: Stratification, Polarization, and Convergence Clubs},
 keywords = {Wirtschaftliche Konvergenz;Einkommensverteilung;Theorie;Welt},
 pages = {27--59},
 number = {2},
 journal = {Journal of Economic Growth}
}


@article{Ramsey.1928,
 author = {Ramsey, Frank P.},
 year = {1928},
 title = {A Mathematical Theory of Saving},
 pages = {543--559},
 volume = {38},
 journal = {Economic Journal : The Journal of the Royal Economic Society}
}


@article{Rauch.,
 author = {Rauch, James E.},
 year = {1993},
 title = {Productivity Gains from Geographic Concentration of Human Capital: Evidence from the Cities},
 keywords = {Humankapital;Produktivit{\"a}t;Agglomerationseffekt;Theorie;Sch{\"a}tzung;USA},
 pages = {380--400},
 volume = {34},
 journal = {Journal of Urban Economics}
}


@article{Rebelo.1991,
 author = {Rebelo, S{\'e}rgio T.},
 year = {1991},
 title = {Long-Run Policy Analysis and Long-Run Growth},
 keywords = {Wachstumstheorie;Wachstumspolitik;Theorie},
 pages = {500--521},
 volume = {99},
 journal = {Journal of Political Economy}
}


@misc{Regeher.2013,
 author = {Regeher, Demian},
 year = {2013},
 title = {Politischer Sonderbericht: Projektland: Ghana},
 institution = {Hanns Seidel Stiftung}
}


@article{Reinganum.1981,
 author = {Reinganum, Jennifer F.},
 year = {1981},
 title = {Dynamic Games of Innovation},
 pages = {21--24},
 volume = {25},
 number = {1},
 journal = {Journal of Economic Theory}
}


@article{Reinganum.1985,
 author = {Reinganum, Jennifer Freidel},
 year = {1985},
 title = {Innovation and Industry Evolution},
 keywords = {Innovation;Industrie},
 pages = {81--100},
 volume = {100},
 journal = {Quarterly Journal of Economics}
}


@book{Reisach.1997,
 author = {Reisach, U. and Tauber, T. and Reisach, U. T.},
 year = {1997},
 title = {China - Wirtschaftspartner zwischen Wunsch und Wirklichkeit: Ein Handbuch f{\"u}r Praktiker},
 publisher = {Redline Verlag},
 isbn = {9783864145810}
}


@book{Ricardo.1817,
 author = {Ricardo, David},
 year = {1817},
 title = {On the Principles of political economy and taxation},
 address = {London},
 publisher = {Murray}
}


@article{RiveraBatiz.,
 author = {Rivera-Batiz, Luis A. and Romer, Paul M.},
 year = {1991b},
 title = {International Trade with Endogenous Technological Change},
 keywords = {Au{\ss}enwirtschaftstheorie;Technischer Fortschritt;Wachstumstheorie;Theorie},
 pages = {971--1004},
 volume = {1991b},
 number = {35},
 issn = {00142921},
 journal = {European Economic Review}
}


@article{RiveraBatiz.1991a,
 author = {Rivera-Batiz, Luis A. and Romer, Paul Michael},
 year = {1991a},
 title = {Economic Integration and Endogenous Growth},
 keywords = {Wirtschaftsintegration;Exportinduziertes Wachstum;Skalenertrag;Endogenes Wachstumsmodell;Theorie},
 pages = {531--555},
 volume = {106},
 number = {425},
 journal = {Quarterly Journal of Economics}
}


@article{RodriguezCaballero.2000,
 author = {{Rodriguez~Caballero}, Francisco and Rodrik, Dani and Hsieh, Chang-tai and Jones, Charles I.},
 year = {2000},
 title = {Trade Policy and Economic Growth: A Skeptic's Guide to the Cross-National Evidence},
 keywords = {Au{\ss}enwirtschaftspolitik;Wirtschaftswachstum;Handelsliberalisierung;Sch{\"a}tzung;Welt},
 pages = {261--325},
 volume = {15},
 journal = {NBER Macroannual}
}


@book{Rodrik.1995,
 year = {1995},
 title = {Handbook of Development Economics: Volume 3a},
 address = {Amsterdam [etc.]},
 publisher = {North-Holland},
 isbn = {0444529446},
 series = {Handbooks in economics},
 editor = {Rodrik, D. and Rosenzweig, M.R}
}


@book{Rodrik.2007,
 abstract = {In One Economics, Many Recipes, leading economist Dani Rodrik argues that neither globalizers nor antiglobalizers have got it right. While economic globalization can be a boon for countries that are trying to dig out of poverty, success usually requires following policies that are tailored to local economic and political realities rather than obeying the dictates of the international globalization establishment. A definitive statement of Rodrik's original and influential perspective on economic growth and globalization, One Economics, Many Recipes shows how successful countries craft their own unique strategies--and what other countries can learn from them. To most proglobalizers, globalization is a source of economic salvation for developing nations, and to fully benefit from it nations must follow a universal set of rules designed by organizations such as the World Bank, the International Monetary Fund, and the World Trade Organization and enforced by international investors and capital markets. But to most antiglobalizers, such global rules spell nothing but trouble, and the more poor nations shield themselves from them, the better off they are. Rodrik rejects the simplifications of both sides, showing that poor countries get rich not by copying what Washington technocrats preach or what others have done, but by overcoming their own highly specific constraints. And, far from conflicting with economic science, this is exactly what good economics teaches.},
 author = {Rodrik, Dani},
 year = {2007},
 title = {One Economics, Many Recipes: Globalization, Institutions, and Economic Growth},
 url = {http://www.loc.gov/catdir/enhancements/fy0726/2007005575-d.html},
 price = {alk. paper},
 keywords = {International economic relations;Globalization;Economic aspects;Weltwirtschaft;Globalisierung;Wirtschaftswachstum;Wachstumspolitik;Industriepolitik;Entwicklungsstrategie;Institutionen{\"o}konomik;Global Governance;Wirtschaft;Wachstum;Institutionalismus},
 address = {Princeton, NJ},
 publisher = {Princeton Univ. Press},
 isbn = {9780691129518}
}


@article{Romalis.2004,
 author = {Romalis, John},
 year = {2004},
 title = {Factor Proportions and the Structure of Commodity Trade},
 keywords = {Au{\ss}enhandelsstruktur;Faktorproportionentheorem;Transportkosten;Monopolistischer Wettbewerb;Theorie;Wirtschaft : Allgemeines},
 pages = {67--97},
 volume = {94},
 number = {1},
 journal = {American Economic Review}
}


@article{Romer.,
 author = {Romer, Paul Michael},
 year = {1989},
 title = {Human Capital and Growth: Theory and Evidence},
 keywords = {Humankapital;Endogenes Wachstumsmodell;Theorie},
 pages = {251--286},
 journal = {Carnegie Rochester conference series on public policy : a bi-annual conference proceedings}
}


@article{Romer.1986,
 abstract = {This paper presents a fullv specified model of long-run growth in
which krlowledge is assumed  to  be an input in production that has
increasing marginal productivity. It is essentially a competetive equi-
libriurn model with endogenous techilological change.  In  contrast lo
models based  on  diminislhing returns, growth rates can be increasing
over time. The effects of small disturbances can be amplified  by  the
actions of private agents, and large countries may always grow faster
than small countries. Long-run evidence is offered in support of the
empirical relevance of these possibilities.},
 author = {Romer, Paul Michael},
 year = {1986},
 title = {Increasing Returns and Long-Run Growth},
 pages = {1002--1037},
 volume = {94},
 number = {5},
 journal = {Journal of Political Economy}
}


@article{Romer.1987,
 author = {Romer, Paul Michael},
 year = {1987},
 title = {Growth Based on Increasing Returns due to Specialization},
 keywords = {Endogenes Wachstumsmodell;Skalenertrag;Theorie},
 pages = {56--62},
 volume = {99},
 number = {77},
 journal = {American Economic Review}
}


@article{Romer.1990,
 author = {Romer, Paul Michael},
 year = {1990},
 title = {Endogenous Technological Change},
 keywords = {Neue Wachstumstheorie;Technischer Fortschritt;Theorie},
 pages = {71--102},
 journal = {Journal of Political Economy}
}


@article{Romer.1993,
 author = {Romer, Paul Michael},
 year = {1993},
 title = {Idea Gaps and Object Gaps in Economic Development},
 keywords = {Economic development;Economics;Economic Competition;Public Policy},
 pages = {543--573},
 volume = {32},
 journal = {Journal of Monetary Economics}
}


@book{Rosner.2012,
 author = {Rosner, Peter},
 year = {2012},
 title = {Die Entwicklung {\"o}konomischen Denkens: Ein Lernprozess},
 keywords = {Dogmengeschichte;Wirtschaft;Wirtschaftstheorie},
 address = {Berlin},
 publisher = {Duncker {\&} Humblot},
 isbn = {3428836936}
}


@article{Sachs.1995,
 author = {Sachs, Jeffrey D. and Warner, Andrew Mark},
 year = {1995},
 title = {Economic Reform and the Process of Global Integration},
 pages = {1--118},
 volume = {1733},
 number = {1},
 journal = {Brookings Papers on Economic Activity}
}


@article{SalaiMartin.1996,
 author = {Sala-i-Martin, Xavier X.},
 year = {1996},
 title = {Regional Cohesion: Evidence and Theories of Regional Gowth and Convergence},
 pages = {1325--1352},
 volume = {40},
 number = {6},
 issn = {00142921},
 journal = {European Economic Review},
 doi = {10.1016/0014-2921(95)00029-1}
}


@article{SalaiMartin.2002,
 author = {Sala-i-Martin, Xavier},
 year = {2002},
 title = {The World Distribution of Income: Falling Poverty and Convergence, Period},
 keywords = {Einkommensverteilung;International;Armut;Sch{\"a}tzung;Welt},
 pages = {351--397},
 volume = {121},
 journal = {Quarterly Journal of Economics}
}


@article{Samuelson.1941,
 author = {Samuelson, Paul Anthony and Stolper, Wolfgang F.},
 year = {1941},
 title = {Protection and Real Wages},
 pages = {58--73},
 volume = {9 (1941/42)},
 journal = {Review of Economic Studies}
}


@article{Samuelson.1948,
 author = {Samuelson, Paul A.},
 year = {1948},
 title = {International Trade and the Equalisation of Factor Prices},
 pages = {163--184},
 volume = {58},
 number = {230},
 journal = {Economic Journal : The Journal of the Royal Economic Society}
}


@article{Samuelson.1949,
 author = {Samuelson, Paul A.},
 year = {1949},
 title = {International factor-price equalisation once again},
 pages = {181--197},
 volume = {59},
 number = {234},
 journal = {Economic Journal : The Journal of the Royal Economic Society}
}


@article{Santacreu.2015,
 author = {Santacreu, Ana Maria},
 year = {2015},
 title = {Innovation, Diffusion, and Trade: Theory and Measurement},
 pages = {1--20},
 volume = {75},
 journal = {Journal of Monetary Economics},
 doi = {10.1016/j.jmoneco.2015.06.008}
}


@book{Schebesch.1992,
 author = {Schebesch, Klaus B.},
 year = {1992},
 title = {Innovation, Wettbewerb und neue Marktmodelle},
 keywords = {Budgetierung;Competition;Forschung und Entwicklung;Industrial productivity;Innovation;Innovationsmanagement;Innovationswettbewerb;Marktmodell;Technological innovations;Technologiemanagement;Unternehmen;Wettbewerb;Wettbewerbsmodell},
 address = {Heidelberg},
 volume = {39},
 publisher = {Physica},
 isbn = {9783790806274},
 series = {Physica-Schriften zur Betriebswirtschaft}
}


@book{Schliemann.1984,
 author = {Schliemann, Heinrich and Brustgi, Franz Georg},
 year = {1984},
 title = {Reise durch China und Japan im Jahre 1865},
 keywords = {China;Japan;Historische Reisebeschreibung / Asien;Jahrhundert, 19;China / A.a. Reisebeschreibungen;Japan / A.a. Reisebeschreibungen},
 address = {Konstanz},
 publisher = {Rosgarten-Verl},
 isbn = {3876851084}
}


@book{Schmookler.1966,
 author = {Schmookler, Jacob},
 year = {1966},
 title = {Invention and Economic Growth},
 keywords = {Inventions;Technology;Philosophy;Economic development;Wirtschaftswachstum;Innovation;Erfindung;Erfindungsschutz},
 address = {Cambridge, Mass.},
 publisher = {Harvard Univ. Press}
}


@article{Schultz.1962,
 author = {Schultz, Theodore William},
 year = {1962},
 title = {Investment in Human Capital},
 pages = {1--17},
 volume = {51},
 number = {1},
 journal = {American Economic Review}
}


@book{Schultz.1964,
 author = {Schultz, Theodore William},
 year = {1964},
 title = {Transforming Traditional Agriculture},
 address = {New Haven usw.},
 edition = {3},
 volume = {3},
 publisher = {Yale Univ. Pr},
 series = {Studies in comparative economics}
}


@article{Schultz.1975,
 author = {Schultz, Theodore W.},
 year = {1975},
 title = {The Value of the Ability to Deal with Disequilibria},
 keywords = {luenpub},
 pages = {827--846},
 volume = {13},
 number = {3},
 journal = {Journal of Economic Literature}
}


@book{Schumpeter.1934,
 author = {Schumpeter, Joseph A.},
 year = {1934},
 title = {The Theory of Economic Development},
 address = {Cambridge, Mass.},
 publisher = {Harvard University Press},
 isbn = {0878556982}
}


@book{Scotchmer.2004,
 abstract = {{\dq}Interest in intellectual property and other institutions that promote innovation exploded during the 1990s. Innovation and Incentives provides a clear and wide-ranging introduction to the economics of innovation, suitable for teaching at both the advanced undergraduate and graduate levels. It will also be useful to legal and economics professionals. Written by an expert on intellectual property and industrial organization, the book archieves a balanced mix of institutional details, examples, and theory. Analytical, empirical, or institutional factors can be given different emphases at different levels of study.{\dq}--BOOK JACKET.},
 author = {Scotchmer, Suzanne},
 year = {2004},
 title = {Innovation and Incentives},
 address = {Cambridge and Mass},
 publisher = {MIT Press},
 isbn = {9780262693431}
}


@article{Segerstrom.1990,
 author = {Segerstrom, Paul S. and Anant, T. C. and Dinopoulos, Elias},
 year = {1990},
 title = {A Schumpeterian Model of the Product Life Cycle},
 keywords = {Au{\ss}enwirtschaftstheorie;Innovation;Produktlebenszyklus;Gleichgewichtstheorie;Theorie},
 pages = {1077--1092},
 number = {80},
 journal = {American Economic Review}
}


@article{Segerstrom.1991,
 author = {Segerstrom, Paul S.},
 year = {1991},
 title = {Innovation, Imitation, and Economic Growth},
 keywords = {Wachstumstheorie;Gleichgewichtstheorie;Innovation;Imitationsstrategie;Industrieforschung;Theorie},
 pages = {807--827},
 volume = {99},
 number = {4},
 journal = {Journal of Political Economy}
}


@article{Sheshinski.1967,
 author = {Sheshinski, Eytan},
 year = {1967},
 title = {Tests of the {\dq}Learning by Doing{\dq} Hypothesis},
 pages = {568--578},
 volume = {49},
 number = {4},
 journal = {Review of Economics and Statistics}
}


@article{Solow.1956,
 author = {Solow, Robert M.},
 year = {1956},
 title = {A Contribution to the Theory of Economic Growth},
 pages = {65--94},
 volume = {70},
 number = {1},
 journal = {Quarterly Journal of Economics}
}


@article{Solow.1957,
 author = {Solow, Robert M.},
 year = {1957},
 title = {Technical Change and the Aggregate Production Function},
 pages = {312--320},
 volume = {39},
 number = {3},
 journal = {Review of Economics and Statistics}
}


@book{Stauber.2014,
 author = {Stauber, R. and Kerschbaumer, F. and Koschier, M.},
 year = {2014},
 title = {M{\"a}chtepolitik und Friedenssicherung: Zur politischen Kultur Europas im Zeichen des Wiener Kongresses},
 publisher = {Lit Verlag},
 isbn = {9783643505026}
}


@article{Stern.1962,
 author = {Stern, Robert M.},
 year = {1962},
 title = {British and American Productivity and Comparative Costs in International Trade},
 keywords = {luenpub;Volkswirtschaft;Zeitschrift},
 pages = {275--296},
 volume = {14},
 number = {3},
 journal = {Oxford Economic Papers}
}


@article{Stern.1973,
 author = {Stern, Robert M.},
 year = {1973},
 title = {Tariffs and Other Measures of Trade Control: A Survey of Recent Developments},
 keywords = {luenpub},
 pages = {857--888},
 volume = {11},
 number = {3},
 journal = {Journal of Economic Literature}
}


@article{Stern.1981,
 author = {Stern, Robert M. and Maskus, Keith E.},
 year = {1981},
 title = {Determinants of the Structure of U. S. Foreign Trade, 1958-76},
 keywords = {luenpub},
 pages = {207--224},
 volume = {11},
 number = {2},
 journal = {Journal of international economics}
}


@article{Stoetzer.,
 author = {Stoetzer, Mattias-Wolfgang and Ernst, Daniel},
 year = {2015},
 title = {Innovative Firms and Employment: A Meta-analysis of the Empirical Evidence},
 pages = {173--182},
 volume = {2015},
 number = {2},
 journal = {Perspekitiven der Wirtschaftspolitik}
}


@article{Stokey.2015,
 author = {Stokey, Nancy L.},
 year = {2015},
 title = {Catching Up and Falling Behind},
 pages = {1--36},
 volume = {20},
 number = {1},
 journal = {Journal of Economic Growth}
}


@misc{Straubhaar.2011,
 author = {Straubhaar, Thomas},
 year = {2011},
 title = {Der Opiumkrieg oder warum Ungleichgewichte im Welthandel schon immer {\"A}rger gemacht haben},
 keywords = {Straubhaar, Thomas;(Verfasser der Uni HH);Universit{\"a}t <Hamburg>;Sonstiges elektronisches Dokument},
 address = {Hamburg},
 series = {HWWI-Standpunkt}
}


@article{Thoenig.2003,
 author = {Thoenig, Mathias and Verdier, Thierry},
 year = {2003},
 title = {Trade-induced Technical Bias and Wage Inequalities: A Theory of Defensive Innovations},
 keywords = {Technischer Fortschritt;Systematischer Fehler;Handelseffekt;Einkommensverteilung;Allgemeines Gleichgewicht;Theorie;Income distribution;North and south;Right of property;Technological innovations;Economic aspects;Wages;Effect of technological innovations on},
 pages = {709--728},
 number = {93},
 journal = {American Economic Review}
}


@book{Tirole.1988,
 author = {Tirole, Jean},
 year = {1988},
 title = {The Theory of Industrial Organization},
 keywords = {Industrie{\"o}konomie;Management;Industrial organization (Economic Theory);28;60},
 address = {Cambridge and Mass},
 publisher = {MIT Press},
 isbn = {9780262200714}
}


@book{Torrens.1815,
 author = {Torrens, Robert},
 year = {1815},
 title = {An Essay on the External Corn Trade},
 keywords = {Getreidehandel;Protektionismus;Grundrente;Theorie;Gro{\ss}britannien;Geschichte 1815;Quelle},
 address = {London},
 publisher = {Hatchard}
}


@article{Trefler.1993,
 author = {Trefler, Daniel},
 year = {1993},
 title = {International Factor Price Differences: Leontief Was Right!},
 keywords = {Au{\ss}enwirtschaftstheorie;Theorie;Sch{\"a}tzung;Welt},
 pages = {961--987},
 volume = {101},
 journal = {Journal of Political Economy}
}


@article{Trefler.1995,
 author = {Trefler, Daniel},
 year = {1995},
 title = {The Case of the Missing Trade and Other Mysteries},
 keywords = {Au{\ss}enwirtschaftstheorie;Internationale Arbeitsteilung;Theorie;Sch{\"a}tzung;Welt},
 pages = {1029--1046},
 number = {85},
 journal = {American Economic Review}
}


@article{Trefler.2004,
 author = {Trefler, Daniel},
 year = {2004},
 title = {The Long and Short of the Canada-US Free Trade Agreement},
 keywords = {Freihandelszone;Handelsabkommen;NAFTA-Staaten;USA;Kanada;Wirtschaft : Allgemeines},
 pages = {870--895},
 volume = {94},
 number = {4},
 journal = {American Economic Review}
}


@article{Uzawa.1965,
 author = {Uzawa, Hirofumi},
 year = {1965},
 title = {Optimal Technical Change in an Aggregative Model of Economic Growth},
 pages = {18--31},
 volume = {6},
 number = {1},
 journal = {International Economic Review}
}


@article{Vandenbussche.2006,
 author = {Vandenbussche, J{\'e}r{\^o}me and Aghion, Philippe and Meghir, Costas},
 year = {2006},
 title = {Growth, Distance to Frontier and Composition of Human Capital},
 pages = {97--127},
 volume = {11},
 number = {2},
 journal = {Journal of Economic Growth}
}


@incollection{vanLong.1997,
 author = {{van~Long}, Ngo and Wong, Kar-yiu},
 title = {Endogenous Growth and International Trade: A Survey},
 volume = {337},
 publisher = {Univ. of Michigan Press},
 isbn = {0472109189},
 series = {Studies in international economics},
 editor = {{Jensen,~Bjarne~S.Wong~K.-Y.}},
 booktitle = {Dynamics, Economic Growth, and International Trade},
 year = {1997},
 address = {Ann Arbor, Mich.}
}


@book{Veblen.1915,
 author = {Veblen, Thorstein},
 year = {1915},
 title = {Imperial Germany and the Industrial Revolution},
 keywords = {Germany;Civilization;Economic policy},
 address = {New York, London},
 publisher = {MacMillan}
}


@article{Ventura.1997,
 author = {Ventura, Jaume},
 year = {1997},
 title = {Growth and Interdependence},
 keywords = {Exportinduziertes Wachstum;Wirtschaftliche Konvergenz;Wachstumstheorie;Au{\ss}enwirtschaftstheorie;Theorie;Wirtschaftswachstum;Ostasien},
 pages = {57--84},
 number = {448},
 journal = {Quarterly Journal of Economics}
}


@incollection{Ventura.2005,
 author = {Ventura, Jaume},
 title = {A Global View of Economic Growth},
 keywords = {Wirtschaftswachstum;Wachstumstheorie;Au{\ss}enwirtschaftstheorie;Internationale Wirtschaft},
 pages = {1419--1497},
 publisher = {Elsevier},
 isbn = {978-0-444-52043-2},
 editor = {Aghion, Philippe and Durlauf, Steven N.},
 booktitle = {Handbook of Economic Growth},
 year = {2005},
 address = {Amsterdam [u.a.]}
}


@book{Wagner.1995,
 author = {Wagner, Norbert and Kaiser, Martin},
 year = {1995},
 title = {{\"O}konomie der Entwicklungsl{\"a}nder: Eine Einf{\"u}hrung ; 45 Tabellen},
 price = {DM 36.80},
 keywords = {Entwicklungstheorie;Entwicklungspolitik;Entwicklungsl{\"a}nder;Entwicklungsl{\"a}nder / Entwicklungspolitik;Entwicklungsl{\"a}nder - Wirtschaft;Entwicklungsstategie;Handel;Internationaler Wettbewerb;Lehrbuch;Entwicklungs{\"o}konomie;Internationaler Handel},
 address = {Stuttgart},
 edition = {3., neubearb. und erw. Aufl},
 volume = {1230},
 publisher = {G. Fischer},
 isbn = {3437403230},
 series = {UTB}
}


@book{Weiss.2008,
 author = {Weiss, S. and Schmierer, J.},
 year = {2008},
 title = {Prek{\"a}re Staatlichkeit und internationale Ordnung},
 publisher = {VS Verlag f{\"u}r Sozialwissenschaften},
 isbn = {9783531905662}
}


@book{Wende.2001,
 author = {Wende, P.},
 year = {2001},
 title = {Gro{\ss}britannien 1500-2000},
 publisher = {De Gruyter},
 isbn = {9783486701302}
}


@book{Woll.2011,
 abstract = {Das Lehrbuch f{\"u}r Bachelor- und Masterstudieng{\"a}nge beschreibt alle wesentlichen Teile der Volkswirtschaftslehre, die gegenw{\"a}rtig zum internationalen Standard geh{\"o}ren. (LK/E: Kardung)

Vorauflage (ID-G 13/07) ersetzen. - Neben {\dq}Grundz{\"u}ge der Volkswirtschaftslehre{\dq} (Pearson Studium; ID-B 4/11) und U. Ba{\ss}eler: {\dq}Grundlagen und Probleme der Volkswirtschaft{\dq} (19. Auflage ID-G 25/10) und nat{\"u}rlich auch N.G. Mankiw: {\dq}Grundz{\"u}ge der VWL{\dq} (4. Auflage ID-G 39/08) im Einzugsbereich von Hochschulen wichtig. (3) (LK/E: Kardung)},
 author = {Woll, Artur},
 year = {2011},
 title = {Volkswirtschaftslehre},
 price = {ca. EUR 29.80 (DE), ca. sfr 43.50 (freier Pr.)},
 keywords = {Volkswirtschaftslehre;Wirtschaftswissenschaft;Wirtschaftstheorie;Theorie;Deutschland;Lehrbuch;Volkswirtschaft},
 address = {M{\"u}nchen},
 edition = {16., vollst. {\"u}berarb. Aufl},
 publisher = {Vahlen},
 isbn = {9783800643141},
 series = {Vahlens Handb{\"u}cher der Wirtschafts- und Sozialwissenschaften}
}


@book{WorldBank.2007,
 abstract = {The world's demand for food is expected to double within the next 50 years, while the natural resources that sustain agriculture will become increasingly scarce, degraded, and vulnerable to the effects of climate change. In many poor countries, agriculture accounts for at least 40 percent of GDP and 80 percent of employment. At the same time, about 70 percent of the world's poor live in rural areas and most depend on agriculture for their livelihoods. World Development Report 2008 seeks to assess where, when, and how agriculture can be an effective instrument for economic development, especially development that favors the poor. It examines several broad questions: How has agriculture changed in developing countries in the past 20 years? What are the important new challenges and opportunities for agriculture? Which new sources of agricultural growth can be captured cost effectively in particular in poor countries with large agricultural sectors as in Africa? How can agricultural growth be made more effective for poverty reduction? How can governments facilitate the transition of large populations out of agriculture, without simply transferring the burden of rural poverty to urban areas? How can the natural resource endowment for agriculture be protected? How can agriculture's negative environmental effects be contained? This year's report marks the 30th year the World Bank has been publishing the World Development Report.},
 year = {2007},
 title = {World Development Report 2008: Agriculture for Development},
 address = {Washington DC},
 publisher = {World Bank Publications},
 isbn = {9780821368077},
 editor = {{World~Bank}}
}


@article{Wright.1936,
 author = {Wright, T. P.},
 year = {1936},
 title = {Factors Affecting the Cost of Airplanes},
 pages = {122--128},
 volume = {3},
 number = {4},
 issn = {1936-9956},
 journal = {Journal of the Aeronautical Sciences},
 doi = {10.2514/8.155}
}


@article{Young.1991,
 author = {Young, Alwyn},
 year = {1991},
 title = {Learning by doing and the Dynamic Effects of International Trade},
 keywords = {Au{\ss}enwirtschaftstheorie;Wachstumstheorie;Exportinduziertes Wachstum;Gleichgewichtstheorie;Theorie},
 pages = {369--405},
 number = {425},
 journal = {Quarterly Journal of Economics}
}


